3050 5017
1685 352 1716 383 Ι

450 476 1009 527 astruamur
1058 474 1462 527 nonnus
1512 478 1668 527 ΜΒ.
1725 480 1813 527 11.
2011 456 2138 532 131

108 583 325 658 Adeo
352 610 521 683 quae
548 587 647 659 ad
676 586 945 659 luxum
980 584 1459 684 pertinebant
1494 640 1515 675 ,
1573 586 1902 684 neglecta
1945 589 2150 687 apud

108 720 403 779 veteres
414 723 631 783 erant
642 761 662 797 ,
682 709 821 809 qui
838 706 991 779 sola
1002 707 1285 779 civium
1294 705 1544 778 laetitia
1559 706 2148 806 perfruerentur.

223 852 347 897 21.
400 832 655 901 Postea
693 852 873 901 vero
908 828 1207 925 Sergius
1229 880 1253 917 ,
1290 851 1494 899 unus
1542 825 1954 900 forensium
1995 854 2154 901 ora-

112 954 379 1013 torum
398 998 423 1035 ,
472 944 805 1043 sophista
824 999 847 1036 ,
896 968 1126 1044 quem
1165 957 1475 1043 propter
1508 943 1928 1019 doctrinam
1965 946 2157 1043 opti-

116 1082 297 1129 mus
340 1062 771 1135 Anastasius
810 1060 1207 1135 verebatur
1224 1116 1245 1150 ,
1312 1074 1726 1133 memorato
1769 1059 2154 1133 domicilio

114 1174 529 1249 deversorii
556 1178 835 1253 molem
867 1180 1301 1277 imponens,
1326 1177 1766 1252 modestiam
1799 1176 2154 1277 neglexit,

118 1292 643 1393 majoremque
659 1296 927 1369 luxum
942 1349 965 1386 ,
984 1295 1507 1394 languescente
1519 1297 1674 1392 jam
1695 1298 2155 1394 magistratu,

120 1408 585 1503 introduxit,
640 1438 799 1485 non
837 1411 1251 1513 praevidens
1301 1412 1602 1511 (neque
1645 1413 1854 1486 enim
1889 1412 2156 1485 huma-

118 1552 233 1597 nae
256 1542 543 1601 naturae
559 1582 581 1619 ,
607 1528 957 1603 futurum
983 1530 1363 1623 divinare)
1387 1585 1408 1619 ,
1435 1530 1762 1603 lustrum
1783 1554 1860 1603 se
1882 1534 2156 1628 Cappa·

116 1642 291 1713 doci
322 1658 721 1741 exstruere.
756 1645 1027 1717 Balneo
1056 1661 1307 1718 tamen
1348 1644 1715 1718 domicilii
1751 1659 2156 1719 contentus

94 1756 269 1831 ·fuit
288 1814 309 1848 ,
348 1761 430 1831 in
461 1784 550 1832 eo
578 1762 848 1860 utique
878 1761 1315 1835 modestiam
1342 1760 1616 1834 colens.
1635 1766 1730 1833 At
1755 1761 2154 1860 Cappadox

120 1878 349 1976 (quis
380 1904 556 1952 vero
590 1880 717 1952 hic
740 1936 760 1971 ,
822 1881 1053 1981 paulo
1087 1897 1259 1981 post
1290 1882 1578 1978 dicam)
1627 1906 1803 1954 cum
1853 1884 1934 1952 in
1972 1908 2152 1981 prae-

118 1996 487 2071 fecturam
520 2001 895 2091 irruisset,
922 2003 1329 2101 antiquum
1364 2000 1702 2099 adeoque
1727 2001 2154 2074 venerabile

117 2121 595 2217 magistratus
659 2120 1148 2193 domicilium.
1202 2118 1706 2219 phalangibus
1759 2108 2154 2193 ministro·-

118 2260 295 2308 rum
348 2260 664 2309 suorum
713 2238 1057 2337 permisit
1110 2266 1127 2309 ε
1172 2240 1337 2337 ipse
1377 2262 1555 2310 vero
1593 2239 1674 2309 in
1717 2262 1988 2335 supera
2025 2235 2154 2308 illa

120 2366 333 2451 pas-te
374 2352 723 2445 cubans',
802 2355 1025 2426 urina
1084 2367 1160 2427 et
1198 2370 1517 2428 stercore
1558 2357 1846 2427 circum
1899 2352 2152 2427 cubile

118 2466 633 2570 spectantibus
659 2525 682 2562 ,
718 2472 975 2569 nudus
996 2474 1077 2543 in
1108 2472 1301 2545 lecto
1326 2470 1868 2545 extendebatur
1888 2525 1908 2561 ,
1937 2470 2150 2568 adpa-

120 2586 445 2661 ritorum
471 2592 815 2688 quemvis
838 2645 857 2679 ,
886 2590 1123 2663 veluti
1152 2590 1590 2689 improbum
1614 2612 1910 2661 servum
1930 2642 1950 2679 ,
1975 2601 2152 2659 ante

120 2705 373 2780 cubile
412 2706 819 2804 praestolari
854 2706 1131 2804 jubens
1150 2764 1175 2795 ,
1236 2728 1582 2805 quosque
1625 2704 1894 2802 eligere
1928 2704 1998 2773 ei
2045 2704 2151 2775 vi-

119 2848 291 2896 sum
324 2878 345 2915 ,
393 2822 867 2897 ferocissimis
914 2848 1301 2897 servorum
1346 2877 1367 2914 ,
1430 2820 1768 2894 barbaris
1823 2834 1898 2891 et
1950 2816 2153 2915 lupis

118 2942 397 3014 animis
438 2939 671 3013 simul
715 2956 791 3013 et
842 2940 1287 3015 nominibus
1314 2995 1335 3031 ,
1414 2962 1642 3037 poena
1694 2933 2156 3007 adficiendos

122 3059 442 3132 tradens.
480 3050 1173 3155 Luxurians'igitur
1204 3058 1489 3155 mirum
1524 3059 1606 3126 in
1639 3053 1953 3125 modum
1978 3104 1998 3143 ,
2033 3077 2152 3124 ve-

120 3192 243 3248 tus
266 3175 626 3249 balneum
645 3231 666 3267 ,
690 3177 773 3247 in
792 3174 1173 3249 stabulum
1192 3175 1720 3271 jumentorum
1747 3184 2153 3255 mutatum,

118 3316 433 3391 gregum
478 3278 853 3393 equorum
910 3316 1151 3390 parvae
1207 3291 1403 3389 parti
1467 3286 1853 3387 permisit3
1943 3283 2152 3356 aliud

118 3425 375 3483 autem
406 3412 485 3481 in
512 3434 713 3501 aere,
748 3432 1119 3508 aquarum
1152 3422 1419 3479 natura
1450 3406 1542 3477 ad
1577 3426 1964 3475 enormem
1995 3401 2154 3473 alti-

120 3526 471 3599 tudinem
504 3526 947 3599 adscendere
983 3540 1275 3615 coacta‚
1306 3522 1666 3596 balneum
1715 3516 2109 3618 suspendit
2133 3572 2154 3609 ,

122 3646 199 3714 in
242 3667 404 3741 quo
420 3624 705 3741 tragico
734 3642 899 3734 illo,
922 3668 1079 3742 quo
1107 3642 1437 3735 diximus
1456 3696 1477 3731 ,
1512 3664 1722 3711 more
1751 3634 2150 3708 lavabatur.

116 3758 305 3829 Inde
330 3783 560 3856 porro
589 3762 959 3831 terrestria
994 3783 1354 3857 aereaque
1400 3782 1485 3827 ac
1532 3755 1860 3827 natantia
1896 3752 2154 3823 omnia

122 3898 301 3944 cum
334 3875 537 3946 vinis
586 3874 933 3975 undique
974 3874 1297 3946 advectis
1332 3869 1732 3945 devorabat
1757 3922 1780 3956 ,
1843 3881 1915 3939 et
1947 3862 2154 3937 mille

121 3990 576 4095 promiscuis
634 3990 961 4065 coitibus
1019 3989 1249 4063 simul
1308 3990 1464 4093 ipse
1522 3982 2102 4097 consumebatur
2130 4006 2154 4069 3
2205 3988 2216 3997 ’
