3050 5017
408 479 965 533 annuntiem
1018 478 1421 535 nonnum:
1471 477 1634 530 mn.
1689 484 1814 563 ιη.
2005 456 2148 560 257

71 636 76 653 ι
126 594 617 684 tumentibus,
658 592 1005 667 carnium
1041 589 1377 693 pondere
1420 598 1638 693 qu‘asi
1675 582 2072 669 'manduca
2111 622 2157 669 a

127 710 331 783 vultu
392 710 818 784 demittens·
885 709 1001 781 Ab
1062 705 1379 804 utribus.
1428 708 2158 804 Maxillothylacium

125 852 288 899 eum
317 814 547 927 vulgo
571 826 957 900 vocabant.
986 818 1359 899 Cerberus·
1380 822 1507 897 hic
1536 830 1777 900 acutis
1801 828 2162 902 dentibus

126 946 544 1017 communis
566 944 879 1043 quidem
909 952 1066 1016 erat
1093 944 1443 1015 omnium
1465 946 1839 1043 pernicies
1869 974 1886 1017 t
1913 972 2163 1020 meam

126 1086 291 1133 vero
330 1060 927 1161 Philadelphiam
966 1063 1069 1133 ita
1102 1060 1413 1161 penitus
1446 1051 1825 1155 exfiausit,
1866 1078 1954 1137 ut
1993 1080 2167 1164 post

125 1206 323 1273 eum,
353 1207 508 1254 non
546 1184 871 1281 pecunia
894 1196 1191 1265 tantum
1215 1180 1348 1254 sed
1382 1180 1832 1257 hominibus
1853 1206 2168 1285 quoque

126 1326 389 1394 vacua,
420 1301 711 1375 nullam
749 1304 1245 1401 imposterum
1280 1326 1491 1401 spem
1537 1302 1872 1378 melioris
1905 1306 2164 1381 condi-

129 1424 350 1496 tionis
403 1426 733 1523 recipiat.
786 1428 972 1496 Nam
1024 1446 1207 1495 cum
1258 1425 1882 1505 circumsonasset
1947 1425 2170 1499 illum

127 1562 288 1611 vere
314 1537 761 1631 infernalem
792 1538 1251 1627 daemonem‚
1280 1538 1494 1637 quod
1517 1522 1917 1639 Euripides
1943 1541 2172 1635 dixit,

126 1656 509 1749 Lydorum
562 1682 719 1730 esse
783 1682 972 1729 auro
1026 1654 1501 1729 abundantes
1558 1672 1832 1747 terras,
1859 1680 2170 1758 -agmen

126 1770 545 1847 belluarum
578 1771 1217 1873 et⁶Cappadocum
1252 1776 1663 1848 exercitum
1702 1774 2048 1863 trahens,
2088 1778 2172 1849 in

128 1892 507 1988 regionem
593 1892 861 1977 irruit,
947 1888 1255 1962 nullum
1340 1914 1792 1984 commune,
1863 1890 2173 1967 nullum

126 2008 496 2096 medium,
531 2008 658 2081 sed
700 2006 1031 2107 praefecti
1065 2010 1415 2107 praetorio
1448 2032 1733 2081 nomen
1771 2032 2172 2109 usurpans.

124 2125 408 2197 Deinde
444 2127 525 2198 in
561 2150 645 2197 ea
677 2149 1155 2198 commorans
1190 2122 1389 2195 nulli
1437 2126 1888 2198 miserorum
1935 2128 2174 2223 regio-

126 2247 239 2315 nis
276 2244 700 2317 incolarum
740 2260 873 2318 aut
909 2268 1035 2317 vas
1078 2242 1648 2343 quodcunque,
1681 2260 1815 2317 aut
1851 2264 2168 2319 uxorem

122 2362 579 2461 virginemve
604 2377 737 2435 aut
765 2360 1309 2440 adolescentem
1341 2360 1800 2437 incolumem
1825 2377 1901 2435 et
1923 2364 2173 2463 stupri

122 2495 493 2579 expertem
523 2478 877 2577 reliquit,
916 2480 1451 2573 innocentium
1486 2481 1736 2577 poenis
1774 2479 2122 2555 Phalarin
2137 2526 2170 2572 -,

123 2594 509 2726 hospitum
542 2595 871 2667 caedibus
906 2597 1257 2686 Busirin,
1292 2594 1814 2695 voluptatibus
1843 2611 1920 2671 et
1945 2596 2165 2675 luxu·

126 2713 228 2788 ria
264 2712 855 2811 Sardanapalum
889 2710 1242 2784 referens
1338 2792 1347 2803 ,
1999 2779 2006 2790 .

221 2828 340 2933 59.
389 2833 639 2929 -Atque
681 2832 977 2903 utinam
1017 2829 1141 2921 bis
1174 2788 1627 2919 contentus,
1693 2848 1944 2929 neque
1981 2845 2126 2905 et..

122 2964 193 3020 et
255 2964 633 3023 terrorum
716 2950 1015 3047 tragicis
1086 2950 1467 3045 majorum
1537 2946 1832 3032 civibus
1901 2965 2166 3023 auctor

124 3062 429 3141 fuisset
413 3124 428 3139 .
475 3067 809 3140 Plurima
845 3064 1155 3165 quidem
1203 3064 1365 3161 ejus
1402 3063 1731 3137 facinora
1770 3090 1948 3145 sane
1991 3066 2165 3141 hor-

122 3208 243 3257 reo
267 3183 542 3257 referre
580 3212 597 3255 :
640 3186 1041 3257 innumera
1064 3197 1315 3255 autem
1344 3197 1566 3272 sunt,
1605 3198 1692 3255 ut
1719 3183 1835 3253 vel
1867 3186 1960 3255 iis
1985 3184 2164 3257 solis

127 3304 443 3377 maxima
471 3301 859 3377 volumina
896 3300 1251 3402 lugubria
1290 3298 1689 3373 conficias:
1725 3324 1972 3373 unum
2014 3319 2159 3377 tra-

123 3422 373 3517 gicum
416 3420 581 3518 ejus
634 3418 924 3495 facinus
972 3420 1313 3521 pecuniae
1353 3442 1571 3490 causa
1609 3432 1992 3517 patratum
2035 3419 2164 3492 hic

122 3536 543 3637 depingam.
596 3540 994 3613 Petronius
1046 3536 1356 3640 quidam
1423 3533 1952 3634 Philadelphiae
1980 3592 2004 3627 ,
2075 3540 2158 3609 in

122 3658 355 3750 patria
391 3680 553 3727 mea
580 3710 601 3743 ,
636 3654 1055 3747 habitabat,
1102 3658 1221 3729 vir
1249 3654 1700 3741 honoratus,
1743 3668 1819 3727 et
1855 3676 2161 3750 genere,

126 3768 603 3847 facultatibus
670 3773 1061 3881 literisque
1118 3774 1384 3851 clanis.
1450 3777 1590 3849 Hic
1642 3794 1686 3845 a
1745 3768 2160 3869 majoribus

198 4006 267 4089 6)
300 4004 519 4067 mum
539 4032 599 4069 τ.
620 4013 727 4071 καὶ.
1711 4096 1718 4103 .
1759 4094 1850 4169 33
