<?xml version="1.0" encoding="UTF-8"?>
<!DOCTYPE html PUBLIC "-//W3C//DTD XHTML 1.0 Transitional//EN"
    "http://www.w3.org/TR/xhtml1/DTD/xhtml1-transitional.dtd">
<html xmlns="http://www.w3.org/1999/xhtml" xml:lang="en" lang="en">
 <head>
  <title>
</title>
<meta http-equiv="Content-Type" content="text/html;charset=utf-8" />
  <meta name='ocr-system' content='tesseract 3.04.00' />
  <meta name='ocr-capabilities' content='ocr_page ocr_carea ocr_par ocr_line ocrx_word'/>
</head>
<body>
  <div class='ocr_page' id='page_1' title='image "./joannislaurenti00hasegoog_0385.png"; bbox 0 0 3050 5017; ppageno 0'>
   <div class='ocr_carea' id='block_1_1' title="bbox 478 454 2190 535">
    <p class='ocr_par' dir='ltr' id='par_1_1' title="bbox 478 454 2190 535">
     <span class='ocr_line' id='line_1_1' title="bbox 478 454 2190 535; baseline -0.004 -24"><span class='ocrx_word' id='word_1_1' title='bbox 478 456 1049 511; x_wconf 66' lang='lat' dir='ltr'>ertmmcnt</span> <span class='ocrx_word' id='word_1_2' title='bbox 1100 454 1507 506; x_wconf 68' lang='lat' dir='ltr'>nolumus</span> <span class='ocrx_word' id='word_1_3' title='bbox 1555 456 1710 507; x_wconf 65' lang='lat'><em>1013.</em></span> <span class='ocrx_word' id='word_1_4' title='bbox 1761 456 1880 506; x_wconf 87' lang='lat'>111.</span> <span class='ocrx_word' id='word_1_5' title='bbox 2049 456 2190 535; x_wconf 68' lang='lat'>27,</span> 
     </span>
    </p>
   </div>
   <div class='ocr_carea' id='block_1_2' title="bbox 162 550 2200 1958">
    <p class='ocr_par' dir='ltr' id='par_1_2' title="bbox 162 550 2200 1958">
     <span class='ocr_line' id='line_1_2' title="bbox 172 550 2194 667; baseline -0.002 -26"><span class='ocrx_word' id='word_1_6' title='bbox 172 564 397 642; x_wconf 72' lang='lat' dir='ltr'>sectos</span> <span class='ocrx_word' id='word_1_7' title='bbox 438 568 469 667; x_wconf 95' lang='lat'><em>)</em></span> <span class='ocrx_word' id='word_1_8' title='bbox 526 586 666 644; x_wconf 88' lang='lat' dir='ltr'>aut</span> <span class='ocrx_word' id='word_1_9' title='bbox 712 568 1207 646; x_wconf 79' lang='lat' dir='ltr'>rationalibus</span> <span class='ocrx_word' id='word_1_10' title='bbox 1232 624 1253 659; x_wconf 92' lang='lat'>,</span> <span class='ocrx_word' id='word_1_11' title='bbox 1316 567 1736 642; x_wconf 85' lang='lat' dir='ltr'>secundum</span> <span class='ocrx_word' id='word_1_12' title='bbox 1789 550 2194 641; x_wconf 85' lang='lat' dir='ltr'>consuetu·</span> 
     </span>
     <span class='ocr_line' id='line_1_3' title="bbox 170 672 2196 787; baseline -0.002 -28"><span class='ocrx_word' id='word_1_13' title='bbox 170 682 423 759; x_wconf 85' lang='lat' dir='ltr'>dinem</span> <span class='ocrx_word' id='word_1_14' title='bbox 442 740 463 777; x_wconf 87' lang='lat'>‚</span> <span class='ocrx_word' id='word_1_15' title='bbox 484 700 643 759; x_wconf 88' lang='lat' dir='ltr'>acta</span> <span class='ocrx_word' id='word_1_16' title='bbox 662 672 1047 787; x_wconf 80' lang='lat' dir='ltr'>implenda</span> <span class='ocrx_word' id='word_1_17' title='bbox 1065 685 1288 761; x_wconf 88' lang='lat' dir='ltr'>dabat</span> <span class='ocrx_word' id='word_1_18' title='bbox 1306 742 1327 775; x_wconf 89' lang='lat'>‚</span> <span class='ocrx_word' id='word_1_19' title='bbox 1350 710 1447 758; x_wconf 90' lang='lat' dir='ltr'>ne</span> <span class='ocrx_word' id='word_1_20' title='bbox 1464 684 1658 786; x_wconf 90' lang='lat' dir='ltr'>quid</span> <span class='ocrx_word' id='word_1_21' title='bbox 1673 698 1934 758; x_wconf 88' lang='lat' dir='ltr'>contra</span> <span class='ocrx_word' id='word_1_22' title='bbox 1953 682 2196 781; x_wconf 88' lang='lat' dir='ltr'>legem</span> 
     </span>
     <span class='ocr_line' id='line_1_4' title="bbox 170 798 2194 905; baseline -0.001 -33"><span class='ocrx_word' id='word_1_23' title='bbox 170 798 425 894; x_wconf 81' lang='lat' dir='ltr'>fleret3</span> <span class='ocrx_word' id='word_1_24' title='bbox 471 829 738 877; x_wconf 82' lang='lat' dir='ltr'>verum</span> <span class='ocrx_word' id='word_1_25' title='bbox 782 830 925 905; x_wconf 89' lang='lat' dir='ltr'>per</span> <span class='ocrx_word' id='word_1_26' title='bbox 970 830 1145 879; x_wconf 89' lang='lat' dir='ltr'>suos</span> <span class='ocrx_word' id='word_1_27' title='bbox 1190 804 1481 877; x_wconf 83' lang='lat' dir='ltr'>chartas</span> <span class='ocrx_word' id='word_1_28' title='bbox 1520 799 1886 903; x_wconf 87' lang='lat' dir='ltr'>compleri</span> <span class='ocrx_word' id='word_1_29' title='bbox 1925 800 2148 895; x_wconf 80' lang='lat' dir='ltr'>jussit</span> <span class='ocrx_word' id='word_1_30' title='bbox 2173 852 2194 887; x_wconf 89' lang='lat'>,</span> 
     </span>
     <span class='ocr_line' id='line_1_5' title="bbox 168 912 2200 1021; baseline -0.001 -32"><span class='ocrx_word' id='word_1_31' title='bbox 168 919 549 994; x_wconf 83' lang='lat' dir='ltr'><strong>sumtibus</strong></span> <span class='ocrx_word' id='word_1_32' title='bbox 572 976 595 1011; x_wconf 90' lang='lat'><strong>‚</strong></span> <span class='ocrx_word' id='word_1_33' title='bbox 632 945 827 1021; x_wconf 88' lang='lat' dir='ltr'>quos</span> <span class='ocrx_word' id='word_1_34' title='bbox 867 924 1227 1021; x_wconf 75' lang='lat' dir='ltr'>congruis</span> <span class='ocrx_word' id='word_1_35' title='bbox 1268 917 1857 1019; x_wconf 75' lang='lat' dir='ltr'>completor-ibus</span> <span class='ocrx_word' id='word_1_36' title='bbox 1881 912 2200 1015; x_wconf 78' lang='lat' dir='ltr'>praeberi</span> 
     </span>
     <span class='ocr_line' id='line_1_6' title="bbox 168 1031 2198 1139; baseline -0.002 -33"><span class='ocrx_word' id='word_1_37' title='bbox 168 1060 333 1111; x_wconf 85' lang='lat' dir='ltr'>mos</span> <span class='ocrx_word' id='word_1_38' title='bbox 366 1034 658 1130; x_wconf 65' lang='lat' dir='ltr'>fuerat,</span> <span class='ocrx_word' id='word_1_39' title='bbox 705 1042 865 1139; x_wconf 87' lang='lat' dir='ltr'>ipse</span> <span class='ocrx_word' id='word_1_40' title='bbox 899 1040 1207 1139; x_wconf 90' lang='lat' dir='ltr'>potitus.</span> <span class='ocrx_word' id='word_1_41' title='bbox 1244 1033 1534 1113; x_wconf 88' lang='lat' dir='ltr'>Deinde</span> <span class='ocrx_word' id='word_1_42' title='bbox 1569 1062 1745 1111; x_wconf 87' lang='lat' dir='ltr'>cum</span> <span class='ocrx_word' id='word_1_43' title='bbox 1775 1034 1877 1107; x_wconf 91' lang='lat' dir='ltr'>ob</span> <span class='ocrx_word' id='word_1_44' title='bbox 1907 1031 2198 1105; x_wconf 83' lang='lat' dir='ltr'>chartas</span> 
     </span>
     <span class='ocr_line' id='line_1_7' title="bbox 166 1149 2197 1257; baseline -0.002 -33"><span class='ocrx_word' id='word_1_45' title='bbox 166 1158 557 1229; x_wconf 83' lang='lat' dir='ltr'>temerarie</span> <span class='ocrx_word' id='word_1_46' title='bbox 604 1156 1015 1257; x_wconf 86' lang='lat' dir='ltr'>illiciteque</span> <span class='ocrx_word' id='word_1_47' title='bbox 1052 1156 1284 1231; x_wconf 88' lang='lat' dir='ltr'>editas</span> <span class='ocrx_word' id='word_1_48' title='bbox 1324 1157 1645 1239; x_wconf 82' lang='lat' dir='ltr'>maxima</span> <span class='ocrx_word' id='word_1_49' title='bbox 1691 1151 2046 1250; x_wconf 86' lang='lat' dir='ltr'>subjectis</span> <span class='ocrx_word' id='word_1_50' title='bbox 2083 1149 2197 1219; x_wconf 88' lang='lat' dir='ltr'>in·</span> 
     </span>
     <span class='ocr_line' id='line_1_8' title="bbox 165 1270 2196 1374; baseline -0.003 -33"><span class='ocrx_word' id='word_1_51' title='bbox 165 1272 562 1345; x_wconf 89' lang='lat' dir='ltr'>commoda</span> <span class='ocrx_word' id='word_1_52' title='bbox 602 1277 1003 1348; x_wconf 83' lang='lat' dir='ltr'>existerent</span> <span class='ocrx_word' id='word_1_53' title='bbox 1022 1329 1043 1363; x_wconf 89' lang='lat'>‚</span> <span class='ocrx_word' id='word_1_54' title='bbox 1088 1275 1243 1374; x_wconf 89' lang='lat' dir='ltr'>ipse</span> <span class='ocrx_word' id='word_1_55' title='bbox 1286 1274 1519 1345; x_wconf 87' lang='lat' dir='ltr'>iratus</span> <span class='ocrx_word' id='word_1_56' title='bbox 1553 1270 1980 1343; x_wconf 78' lang='lat' dir='ltr'>chartarum</span> <span class='ocrx_word' id='word_1_57' title='bbox 2005 1320 2026 1356; x_wconf 90' lang='lat'>,</span> <span class='ocrx_word' id='word_1_58' title='bbox 2065 1288 2196 1335; x_wconf 87' lang='lat' dir='ltr'>au-</span> 
     </span>
     <span class='ocr_line' id='line_1_9' title="bbox 164 1376 2200 1489; baseline -0.003 -32"><span class='ocrx_word' id='word_1_59' title='bbox 164 1383 419 1458; x_wconf 83' lang='lat' dir='ltr'>dacter</span> <span class='ocrx_word' id='word_1_60' title='bbox 470 1376 899 1489; x_wconf 78' lang='lat' dir='ltr'>temereque</span> <span class='ocrx_word' id='word_1_61' title='bbox 948 1390 1461 1464; x_wconf 86' lang='lat' dir='ltr'>absolutarum</span> <span class='ocrx_word' id='word_1_62' title='bbox 1486 1443 1509 1481; x_wconf 86' lang='lat'><strong>,</strong></span> <span class='ocrx_word' id='word_1_63' title='bbox 1555 1388 1712 1461; x_wconf 81' lang='lat' dir='ltr'>vim</span> <span class='ocrx_word' id='word_1_64' title='bbox 1767 1386 2200 1483; x_wconf 77' lang='lat' dir='ltr'>ignorantes</span> 
     </span>
     <span class='ocr_line' id='line_1_10' title="bbox 163 1500 2198 1607; baseline -0.002 -34"><span class='ocrx_word' id='word_1_65' title='bbox 163 1516 409 1575; x_wconf 86' lang='lat' dir='ltr'>morte</span> <span class='ocrx_word' id='word_1_66' title='bbox 440 1502 852 1579; x_wconf 88' lang='lat' dir='ltr'>adficiebat.</span> <span class='ocrx_word' id='word_1_67' title='bbox 886 1512 1131 1607; x_wconf 88' lang='lat' dir='ltr'>Atque</span> <span class='ocrx_word' id='word_1_68' title='bbox 1159 1532 1250 1582; x_wconf 86' lang='lat' dir='ltr'>ex</span> <span class='ocrx_word' id='word_1_69' title='bbox 1276 1505 1410 1578; x_wconf 92' lang='lat' dir='ltr'>illo</span> <span class='ocrx_word' id='word_1_70' title='bbox 1438 1528 1606 1578; x_wconf 86' lang='lat' dir='ltr'>mos</span> <span class='ocrx_word' id='word_1_71' title='bbox 1630 1500 2005 1590; x_wconf 84' lang='lat' dir='ltr'>obtinuit,</span> <span class='ocrx_word' id='word_1_72' title='bbox 2037 1520 2198 1569; x_wconf 92' lang='lat' dir='ltr'>om·-</span> 
     </span>
     <span class='ocr_line' id='line_1_11' title="bbox 162 1614 2200 1725; baseline -0.005 -30"><span class='ocrx_word' id='word_1_73' title='bbox 162 1640 453 1719; x_wconf 81' lang='lat' dir='ltr'>nesque</span> <span class='ocrx_word' id='word_1_74' title='bbox 478 1638 553 1695; x_wconf 91' lang='lat' dir='ltr'>et</span> <span class='ocrx_word' id='word_1_75' title='bbox 584 1623 931 1697; x_wconf 90' lang='lat' dir='ltr'>scribunt</span> <span class='ocrx_word' id='word_1_76' title='bbox 968 1640 1044 1697; x_wconf 92' lang='lat' dir='ltr'>et</span> <span class='ocrx_word' id='word_1_77' title='bbox 1076 1623 1462 1725; x_wconf 83' lang='lat' dir='ltr'>complent</span> <span class='ocrx_word' id='word_1_78' title='bbox 1506 1634 1582 1695; x_wconf 83' lang='lat' dir='ltr'>et</span> <span class='ocrx_word' id='word_1_79' title='bbox 1613 1618 2016 1701; x_wconf 77' lang='lat' dir='ltr'>absolvunt</span> <span class='ocrx_word' id='word_1_80' title='bbox 2051 1614 2200 1687; x_wconf 88' lang='lat' dir='ltr'>sibi</span> 
     </span>
     <span class='ocr_line' id='line_1_12' title="bbox 163 1734 2196 1838; baseline -0.003 -28"><span class='ocrx_word' id='word_1_81' title='bbox 163 1758 475 1837; x_wconf 80' lang='lat' dir='ltr'>prorsus</span> <span class='ocrx_word' id='word_1_82' title='bbox 514 1741 804 1838; x_wconf 89' lang='lat' dir='ltr'>ignota,</span> <span class='ocrx_word' id='word_1_83' title='bbox 857 1741 1039 1817; x_wconf 91' lang='lat' dir='ltr'>olim</span> <span class='ocrx_word' id='word_1_84' title='bbox 1084 1740 1293 1815; x_wconf 88' lang='lat' dir='ltr'>mille</span> <span class='ocrx_word' id='word_1_85' title='bbox 1344 1738 1618 1813; x_wconf 86' lang='lat' dir='ltr'>modis·</span> <span class='ocrx_word' id='word_1_86' title='bbox 1637 1734 1978 1825; x_wconf 86' lang='lat' dir='ltr'>firmata,</span> <span class='ocrx_word' id='word_1_87' title='bbox 2015 1756 2196 1806; x_wconf 89' lang='lat' dir='ltr'>cum</span> 
     </span>
     <span class='ocr_line' id='line_1_13' title="bbox 164 1850 2198 1958; baseline 0 -37"><span class='ocrx_word' id='word_1_88' title='bbox 164 1850 617 1957; x_wconf 81' lang='lat' dir='ltr'>cotidianis(</span> <span class='ocrx_word' id='word_1_89' title='bbox 651 1874 740 1931; x_wconf 93' lang='lat' dir='ltr'>ut</span> <span class='ocrx_word' id='word_1_90' title='bbox 772 1874 1081 1951; x_wconf 80' lang='lat' dir='ltr'>vocant,</span> <span class='ocrx_word' id='word_1_91' title='bbox 1109 1859 1191 1932; x_wconf 90' lang='lat' dir='ltr'>id</span> <span class='ocrx_word' id='word_1_92' title='bbox 1217 1874 1368 1943; x_wconf 84' lang='lat' dir='ltr'>est,</span> <span class='ocrx_word' id='word_1_93' title='bbox 1405 1862 1710 1958; x_wconf 78' lang='grc' dir='ltr'><strong>ἐφημέροις</strong></span> <span class='ocrx_word' id='word_1_94' title='bbox 1737 1860 1766 1943; x_wconf 91' lang='grc'>)</span> <span class='ocrx_word' id='word_1_95' title='bbox 1793 1854 1976 1925; x_wconf 87' lang='lat' dir='ltr'>actis</span> <span class='ocrx_word' id='word_1_96' title='bbox 2015 1874 2198 1953; x_wconf 66' lang='lat' dir='ltr'>prae-</span> 
     </span>
    </p>
   </div>
   <div class='ocr_carea' id='block_1_3' title="bbox 164 1963 2203 2188">
    <p class='ocr_par' dir='ltr' id='par_1_3' title="bbox 164 1963 2203 2188">
     <span class='ocr_line' id='line_1_14' title="bbox 166 1963 2200 2108; baseline 0.002 -70"><span class='ocrx_word' id='word_1_97' title='bbox 166 1963 381 2061; x_wconf 82' lang='lat' dir='ltr'>fecti,</span> <span class='ocrx_word' id='word_1_98' title='bbox 416 1986 583 2047; x_wconf 85' lang='lat' dir='ltr'>tum</span> <span class='ocrx_word' id='word_1_99' title='bbox 630 1968 1235 2108; x_wconf 79' lang='lat' dir='ltr'>competentibus</span> <span class='ocrx_word' id='word_1_100' title='bbox 1258 1978 1598 2062; x_wconf 82' lang='lat' dir='ltr'>scriniis,</span> <span class='ocrx_word' id='word_1_101' title='bbox 1625 1988 1790 2044; x_wconf 91' lang='lat' dir='ltr'>tum</span> <span class='ocrx_word' id='word_1_102' title='bbox 1840 1993 2018 2042; x_wconf 84' lang='lat' dir='ltr'>vero</span> <span class='ocrx_word' id='word_1_103' title='bbox 2064 1991 2200 2073; x_wconf 85' lang='lat' dir='ltr'>per</span> 
     </span>
     <span class='ocr_line' id='line_1_15' title="bbox 164 2085 2203 2188; baseline -0.002 -29"><span class='ocrx_word' id='word_1_104' title='bbox 164 2106 297 2155; x_wconf 80' lang='lat' dir='ltr'>eos</span> <span class='ocrx_word' id='word_1_105' title='bbox 338 2087 579 2185; x_wconf 83' lang='lat' dir='ltr'>ipsos,</span> <span class='ocrx_word' id='word_1_106' title='bbox 624 2092 763 2188; x_wconf 90' lang='lat' dir='ltr'>qui</span> <span class='ocrx_word' id='word_1_107' title='bbox 803 2118 893 2165; x_wconf 83' lang='lat' dir='ltr'>ex</span> <span class='ocrx_word' id='word_1_108' title='bbox 944 2093 1093 2167; x_wconf 90' lang='lat' dir='ltr'>illis</span> <span class='ocrx_word' id='word_1_109' title='bbox 1134 2091 1465 2166; x_wconf 80' lang='lat' dir='ltr'>reditum</span> <span class='ocrx_word' id='word_1_110' title='bbox 1508 2086 1905 2163; x_wconf 84' lang='lat' dir='ltr'>habebant.</span> <span class='ocrx_word' id='word_1_111' title='bbox 1941 2085 2203 2157; x_wconf 88' lang='lat' dir='ltr'>Paucis</span> 
     </span>
    </p>
   </div>
   <div class='ocr_carea' id='block_1_4' title="bbox 162 2197 2208 2775">
    <p class='ocr_par' dir='ltr' id='par_1_4' title="bbox 162 2197 2202 2399">
     <span class='ocr_line' id='line_1_16' title="bbox 162 2197 2202 2307; baseline -0 -35"><span class='ocrx_word' id='word_1_112' title='bbox 162 2197 416 2283; x_wconf 84' lang='lat' dir='ltr'>dicam</span> <span class='ocrx_word' id='word_1_113' title='bbox 466 2230 485 2273; x_wconf 76' lang='lat' dir='ltr'><em>z</em></span> <span class='ocrx_word' id='word_1_114' title='bbox 530 2208 789 2279; x_wconf 90' lang='lat' dir='ltr'>omnia</span> <span class='ocrx_word' id='word_1_115' title='bbox 838 2210 1143 2307; x_wconf 81' lang='lat' dir='ltr'>penitus</span> <span class='ocrx_word' id='word_1_116' title='bbox 1202 2210 1555 2281; x_wconf 88' lang='lat' dir='ltr'>interiere</span> <span class='ocrx_word' id='word_1_117' title='bbox 1585 2258 1606 2297; x_wconf 91' lang='lat'><strong>,</strong></span> <span class='ocrx_word' id='word_1_118' title='bbox 1652 2203 1871 2278; x_wconf 90' lang='lat' dir='ltr'>nullo</span> <span class='ocrx_word' id='word_1_119' title='bbox 1926 2200 2202 2301; x_wconf 87' lang='lat' dir='ltr'>prioris</span> 
     </span>
     <span class='ocr_line' id='line_1_17' title="bbox 166 2321 1525 2399; baseline 0.005 -9"><span class='ocrx_word' id='word_1_120' title='bbox 166 2340 437 2391; x_wconf 89' lang='lat' dir='ltr'>eorum</span> <span class='ocrx_word' id='word_1_121' title='bbox 458 2321 908 2397; x_wconf 69' lang='lat' dir='ltr'>excellentiae</span> <span class='ocrx_word' id='word_1_122' title='bbox 938 2325 1221 2399; x_wconf 90' lang='lat' dir='ltr'>indicio</span> <span class='ocrx_word' id='word_1_123' title='bbox 1242 2324 1525 2398; x_wconf 87' lang='lat' dir='ltr'>relicto.</span> 
     </span>
    </p>

    <p class='ocr_par' dir='ltr' id='par_1_5' title="bbox 168 2432 2208 2775">
     <span class='ocr_line' id='line_1_18' title="bbox 270 2432 2204 2541; baseline 0.001 -36"><span class='ocrx_word' id='word_1_124' title='bbox 270 2432 395 2533; x_wconf 88' lang='lat'>69.</span> <span class='ocrx_word' id='word_1_125' title='bbox 438 2438 557 2509; x_wconf 91' lang='lat' dir='ltr'>Sic</span> <span class='ocrx_word' id='word_1_126' title='bbox 574 2462 751 2512; x_wconf 90' lang='lat' dir='ltr'>cum</span> <span class='ocrx_word' id='word_1_127' title='bbox 772 2442 1037 2541; x_wconf 87' lang='lat' dir='ltr'>egisset</span> <span class='ocrx_word' id='word_1_128' title='bbox 1052 2441 1660 2515; x_wconf 85' lang='lat' dir='ltr'>sceleratissimus</span> <span class='ocrx_word' id='word_1_129' title='bbox 1678 2437 1930 2537; x_wconf 88' lang='lat' dir='ltr'>legum</span> <span class='ocrx_word' id='word_1_130' title='bbox 1945 2434 2204 2525; x_wconf 85' lang='lat' dir='ltr'>hostis,</span> 
     </span>
     <span class='ocr_line' id='line_1_19' title="bbox 168 2551 2208 2656; baseline 0.002 -36"><span class='ocrx_word' id='word_1_131' title='bbox 168 2551 583 2649; x_wconf 85' lang='lat' dir='ltr'>respiciens</span> <span class='ocrx_word' id='word_1_132' title='bbox 620 2555 807 2630; x_wconf 91' lang='lat' dir='ltr'>deus</span> <span class='ocrx_word' id='word_1_133' title='bbox 834 2558 1206 2631; x_wconf 87' lang='lat' dir='ltr'>malorum</span> <span class='ocrx_word' id='word_1_134' title='bbox 1238 2573 1620 2631; x_wconf 86' lang='lat' dir='ltr'>auctorem</span> <span class='ocrx_word' id='word_1_135' title='bbox 1651 2554 1891 2656; x_wconf 89' lang='lat' dir='ltr'>ipsius</span> <span class='ocrx_word' id='word_1_136' title='bbox 1918 2551 2208 2626; x_wconf 85' lang='lat' dir='ltr'>tradere</span> 
     </span>
     <span class='ocr_line' id='line_1_20' title="bbox 174 2662 1402 2775; baseline 0.006 -36"><span class='ocrx_word' id='word_1_137' title='bbox 174 2662 387 2741; x_wconf 78' lang='lat' dir='ltr'>factis</span> <span class='ocrx_word' id='word_1_138' title='bbox 411 2668 739 2745; x_wconf 80' lang='lat' dir='ltr'>decrevit</span> <span class='ocrx_word' id='word_1_139' title='bbox 758 2729 779 2766; x_wconf 86' lang='lat'><strong>,</strong></span> <span class='ocrx_word' id='word_1_140' title='bbox 814 2673 1271 2775; x_wconf 76' lang='lat' dir='ltr'>persuadens</span> <span class='ocrx_word' id='word_1_141' title='bbox 1291 2676 1402 2764; x_wconf 91' lang='lat' dir='ltr'>ei,</span> 
     </span>
    </p>
   </div>
   <div class='ocr_carea' id='block_1_5' title="bbox 332 2918 2060 3007">
    <p class='ocr_par' dir='ltr' id='par_1_6' title="bbox 332 2918 2060 3007">
     <span class='ocr_line' id='line_1_21' title="bbox 332 2918 2060 3007; baseline -0.002 -21"><span class='ocrx_word' id='word_1_142' title='bbox 332 2918 483 2986; x_wconf 67' lang='lat' dir='ltr'>Eue</span> <span class='ocrx_word' id='word_1_143' title='bbox 506 2920 812 2985; x_wconf 69' lang='lat' dir='ltr'>:Iustitiam</span> <span class='ocrx_word' id='word_1_144' title='bbox 828 2968 849 3003; x_wconf 87' lang='lat'>‚</span> <span class='ocrx_word' id='word_1_145' title='bbox 886 2924 1301 3007; x_wconf 68' lang='lat' dir='ltr'>Nemoeinque</span> <span class='ocrx_word' id='word_1_146' title='bbox 1316 2970 1337 3003; x_wconf 88' lang='lat'><strong><em>,</em></strong></span> <span class='ocrx_word' id='word_1_147' title='bbox 1370 2922 1542 2989; x_wconf 82' lang='lat' dir='ltr'>malis</span> <span class='ocrx_word' id='word_1_148' title='bbox 1562 2922 1721 2985; x_wconf 77' lang='lat' dir='ltr'>mala</span> <span class='ocrx_word' id='word_1_149' title='bbox 1741 2920 2060 2995; x_wconf 69' lang='lat' dir='ltr'>ferentem,</span> 
     </span>
    </p>
   </div>
   <div class='ocr_carea' id='block_1_6' title="bbox 176 3152 2214 4083">
    <p class='ocr_par' dir='ltr' id='par_1_7' title="bbox 176 3152 2214 3722">
     <span class='ocr_line' id='line_1_22' title="bbox 176 3152 2210 3239; baseline 0 -12"><span class='ocrx_word' id='word_1_150' title='bbox 176 3156 362 3239; x_wconf 70' lang='lat' dir='ltr'>Nam</span> <span class='ocrx_word' id='word_1_151' title='bbox 412 3178 589 3227; x_wconf 88' lang='lat' dir='ltr'>cum</span> <span class='ocrx_word' id='word_1_152' title='bbox 637 3152 915 3231; x_wconf 85' lang='lat' dir='ltr'>horum</span> <span class='ocrx_word' id='word_1_153' title='bbox 964 3155 1077 3227; x_wconf 90' lang='lat' dir='ltr'>nil</span> <span class='ocrx_word' id='word_1_154' title='bbox 1118 3157 1339 3229; x_wconf 90' lang='lat' dir='ltr'>sciret</span> <span class='ocrx_word' id='word_1_155' title='bbox 1374 3154 2026 3227; x_wconf 88' lang='lat' dir='ltr'>mansuetissimus</span> <span class='ocrx_word' id='word_1_156' title='bbox 2073 3156 2210 3227; x_wconf 89' lang='lat' dir='ltr'>im-</span> 
     </span>
     <span class='ocr_line' id='line_1_23' title="bbox 178 3260 2211 3371; baseline 0 -28"><span class='ocrx_word' id='word_1_157' title='bbox 178 3260 535 3371; x_wconf 57' lang='lat' dir='ltr'>perator}</span> <span class='ocrx_word' id='word_1_158' title='bbox 595 3296 860 3345; x_wconf 88' lang='lat' dir='ltr'>omnes</span> <span class='ocrx_word' id='word_1_159' title='bbox 912 3296 1089 3345; x_wconf 81' lang='lat' dir='ltr'>vero</span> <span class='ocrx_word' id='word_1_160' title='bbox 1144 3286 1457 3371; x_wconf 87' lang='lat' dir='ltr'>propter</span> <span class='ocrx_word' id='word_1_161' title='bbox 1508 3269 1989 3342; x_wconf 88' lang='lat' dir='ltr'>immodicam</span> <span class='ocrx_word' id='word_1_162' title='bbox 2045 3274 2211 3368; x_wconf 83' lang='lat' dir='ltr'>ejus</span> 
     </span>
     <span class='ocr_line' id='line_1_24' title="bbox 179 3384 2208 3521; baseline 0 -59"><span class='ocrx_word' id='word_1_163' title='bbox 179 3387 594 3486; x_wconf 78' lang='lat' dir='ltr'>potentiam</span> <span class='ocrx_word' id='word_1_164' title='bbox 628 3442 649 3479; x_wconf 89' lang='lat'>‚</span> <span class='ocrx_word' id='word_1_165' title='bbox 695 3395 1038 3488; x_wconf 84' lang='lat' dir='ltr'>quamvis</span> <span class='ocrx_word' id='word_1_166' title='bbox 1076 3388 1358 3486; x_wconf 88' lang='lat' dir='ltr'>injuria</span> <span class='ocrx_word' id='word_1_167' title='bbox 1391 3384 1708 3479; x_wconf 87' lang='lat' dir='ltr'>adfecti,</span> <span class='ocrx_word' id='word_1_168' title='bbox 1769 3387 2208 3521; x_wconf 83' lang='lat' dir='ltr'>improbum</span> 
     </span>
     <span class='ocr_line' id='line_1_25' title="bbox 180 3495 2214 3605; baseline 0.002 -30"><span class='ocrx_word' id='word_1_169' title='bbox 180 3495 697 3603; x_wconf 78' lang='lat' dir='ltr'>Cappadocem</span> <span class='ocrx_word' id='word_1_170' title='bbox 746 3520 1197 3597; x_wconf 85' lang='lat' dir='ltr'>tuerentur,</span> <span class='ocrx_word' id='word_1_171' title='bbox 1237 3504 1462 3605; x_wconf 87' lang='lat' dir='ltr'>longe</span> <span class='ocrx_word' id='word_1_172' title='bbox 1494 3504 1845 3579; x_wconf 88' lang='lat' dir='ltr'>omnium</span> <span class='ocrx_word' id='word_1_173' title='bbox 1869 3506 2214 3581; x_wconf 79' lang='lat' dir='ltr'>maximis</span> 
     </span>
     <span class='ocr_line' id='line_1_26' title="bbox 178 3616 2208 3722; baseline 0.002 -31"><span class='ocrx_word' id='word_1_174' title='bbox 178 3616 537 3694; x_wconf 85' lang='lat' dir='ltr'>laudibus</span> <span class='ocrx_word' id='word_1_175' title='bbox 594 3646 773 3697; x_wconf 86' lang='lat' dir='ltr'>eum</span> <span class='ocrx_word' id='word_1_176' title='bbox 833 3624 1039 3722; x_wconf 90' lang='lat' dir='ltr'>apud</span> <span class='ocrx_word' id='word_1_177' title='bbox 1094 3624 1624 3722; x_wconf 87' lang='lat' dir='ltr'>imperatorem</span> <span class='ocrx_word' id='word_1_178' title='bbox 1687 3620 2208 3696; x_wconf 81' lang='lat' dir='ltr'>celebrantes,</span> 
     </span>
    </p>

    <p class='ocr_par' dir='ltr' id='par_1_8' title="bbox 180 3730 2212 4075">
     <span class='ocr_line' id='line_1_27' title="bbox 180 3730 2212 3835; baseline 0 -26"><span class='ocrx_word' id='word_1_179' title='bbox 180 3730 421 3835; x_wconf 84' lang='lat' dir='ltr'>(quis</span> <span class='ocrx_word' id='word_1_180' title='bbox 467 3737 673 3813; x_wconf 80' lang='lat' dir='ltr'>enim</span> <span class='ocrx_word' id='word_1_181' title='bbox 728 3736 849 3810; x_wconf 83' lang='lat' dir='ltr'>vel</span> <span class='ocrx_word' id='word_1_182' title='bbox 892 3737 1127 3812; x_wconf 89' lang='lat' dir='ltr'>solius</span> <span class='ocrx_word' id='word_1_183' title='bbox 1182 3739 1516 3812; x_wconf 88' lang='lat' dir='ltr'>nominis</span> <span class='ocrx_word' id='word_1_184' title='bbox 1569 3738 1733 3833; x_wconf 89' lang='lat' dir='ltr'>ejus</span> <span class='ocrx_word' id='word_1_185' title='bbox 1781 3738 1944 3808; x_wconf 92' lang='lat' dir='ltr'>sine</span> <span class='ocrx_word' id='word_1_186' title='bbox 1991 3736 2212 3823; x_wconf 73' lang='lat' dir='ltr'>laude</span> 
     </span>
     <span class='ocr_line' id='line_1_28' title="bbox 184 3848 2210 3962; baseline 0.002 -41"><span class='ocrx_word' id='word_1_187' title='bbox 184 3852 651 3931; x_wconf 84' lang='lat' dir='ltr'>mentionem</span> <span class='ocrx_word' id='word_1_188' title='bbox 708 3852 945 3957; x_wconf 83' lang='lat' dir='ltr'>facere</span> <span class='ocrx_word' id='word_1_189' title='bbox 990 3879 1220 3962; x_wconf 89' lang='lat' dir='ltr'>ausus</span> <span class='ocrx_word' id='word_1_190' title='bbox 1266 3852 1525 3928; x_wconf 86' lang='lat' dir='ltr'>fuisset</span> <span class='ocrx_word' id='word_1_191' title='bbox 1551 3854 1632 3942; x_wconf 69' lang='grc' dir='ltr'>Ρ)</span> <span class='ocrx_word' id='word_1_192' title='bbox 1683 3848 1834 3925; x_wconf 91' lang='lat' dir='ltr'>sola</span> <span class='ocrx_word' id='word_1_193' title='bbox 1886 3854 2164 3951; x_wconf 82' lang='lat' dir='ltr'>conjux</span> <span class='ocrx_word' id='word_1_194' title='bbox 2187 3908 2210 3946; x_wconf 73' lang='lat' dir='ltr'>a</span> 
     </span>
     <span class='ocr_line' id='line_1_29' title="bbox 183 3963 2206 4083; baseline -0.003 -35"><span class='ocrx_word' id='word_1_195' title='bbox 183 3963 541 4083; x_wconf 75' lang='lat' dir='ltr'>pmnibus</span> <span class='ocrx_word' id='word_1_196' title='bbox 579 4025 602 4066; x_wconf 88' lang='lat'><strong>,</strong></span> <span class='ocrx_word' id='word_1_197' title='bbox 682 3996 851 4073; x_wconf 83' lang='lat' dir='ltr'>quae</span> <span class='ocrx_word' id='word_1_198' title='bbox 904 3996 1248 4075; x_wconf 88' lang='lat' dir='ltr'>unquam</span> <span class='ocrx_word' id='word_1_199' title='bbox 1302 3969 1512 4045; x_wconf 85' lang='lat' dir='ltr'>fuere</span> <span class='ocrx_word' id='word_1_200' title='bbox 1553 4024 1574 4062; x_wconf 87' lang='lat'>‚</span> <span class='ocrx_word' id='word_1_201' title='bbox 1657 3969 1963 4069; x_wconf 87' lang='lat' dir='ltr'>ingenio</span> <span class='ocrx_word' id='word_1_202' title='bbox 2029 3994 2206 4071; x_wconf 76' lang='lat' dir='ltr'>prae</span> 
     </span>
    </p>
   </div>
  </div>
 </body>
</html>
