3050 5017
710 503 823 555 m:
871 506 1219 557 JoANNE
1269 481 1543 557 mmo.
1975 480 2122 553 lxv

143 650 271 723 lem
308 658 555 747 postea
590 648 669 720 in
708 616 1111 723 luculentis
1146 652 1441 748 scriptis
1492 647 1694 747 apud
1739 649 2126 748 posterita-

142 796 271 855 tem
292 778 661 880 professus
688 794 831 877 est,
866 783 1093 858 talem
1110 784 1263 880 jam
1294 795 1479 856 tunc
1502 785 1584 856 in
1609 784 1770 881 ipsa
1795 785 2132 857 muneris

144 918 441 1014 gestione
468 886 868 1015 praesentes
898 934 1200 1017 possent
1238 918 1590 993 homines
1624 919 1931 992 intueri.

224 1183 477 1257 XXX.
531 1186 834 1261 Verum
876 1183 1223 1282 tandem,
1280 1212 1453 1262 cum
1501 1198 1696 1261 esset
1747 1187 2002 1284 patriae
2059 1196 2136 1260 et

146 1313 411 1390 Gallico
440 1316 605 1392 solo
641 1320 1031 1393 restitutus
1052 1376 1073 1413 ,
1116 1319 1319 1419 Lydi
1354 1320 1640 1393 diutius
1675 1321 1995 1418 neglecti
2019 1346 2132 1394 se-

142 1446 280 1519 rior
298 1474 469 1523 cura
506 1452 851 1525 animum
898 1453 1157 1525 subire
1198 1454 1447 1550 coepit.
1506 1454 1812 1526 Etenim
1863 1480 2134 1528 exora-

155 1588 255 1653 tus
276 1581 365 1654 ab
390 1582 745 1659 eohomo
776 1582 1255 1661 doctissimus
1276 1588 1614 1661 Villoiso
1651 1588 1734 1659 in
1751 1614 1850 1661 se
1895 1613 2137 1662 susce-

150 1724 372 1809 perat,
412 1726 499 1789 ut
528 1715 627 1789 ad
658 1716 997 1791 codicem
1036 1716 1359 1793 feliciter
1394 1719 1801 1795 inventum
1841 1718 2144 1827 felicius·

146 1845 487 1927 edendum
517 1851 807 1927 nomen
842 1864 919 1925 et
946 1853 1277 1950 auspicia
1302 1856 1687 1952 praeberet.
1719 1853 1863 1928 Sed
1895 1830 2140 1952 prius·

146 2006 345 2079 quam
396 2012 581 2063 eum
640 1986 837 2065 foras
874 1985 1124 2081 daret,
1180 1966 2139 2086 descriptionem-‘Villoiso

142 2119 245 2191 sui
268 2144 395 2216 per
424 2094 804 2198 offcium
832 2120 1127 2193 itineris
1150 2118 1682 2216 perficiendam
1704 2121 1851 2195 sibi
1871 2120 2094 2195 duxit
2116 2179 2138 2216 ‚

147 2276 343 2349 quam
385 2256 679 2353 publici
728 2253 921 2351 juris
950 2249 1328 2325 facturum
1370 2276 1532 2325 sese
1567 2278 1744 2327 cum
1775 2279 1968 2351 saepe
2005 2254 2138 2327 ali·

148 2387 215 2459 bi
261 2388 799 2488 spoponderat,
858 2399 1025 2461 tum
1070 2386 1405 2461 maxime
1456 2388 1982 2485 Prolegomen.
2044 2386 2141 2463 acl

141 2520 329 2623 iliad.
348 2548 509 2624 pag.
536 2510 683 2597 mv
716 2522 1002 2619 :adque
1022 2546 1183 2595 eam
1216 2544 1377 2616 rem
1404 2494 1661 2594 ornnia
1693 2522 2008 2595 consilia
2041 2534 2144 2595 at-

144 2682 273 2755 que
322 2658 571 2735 studia
618 2656 904 2733 referre
938 2680 1073 2731 sua
1114 2657 1365 2754 coepit.
1410 2656 1790 2729 Statuerat
1838 2666 2088 2729 autem
2115 2712 2138 2749 ,

144 2802 303 2865 tunc
330 2789 663 2889 denique
692 2816 779 2865 ea
820 2781 1171 2887 ¹prodere,
1222 2812 1393 2885 quae
1416 2788 1501 2861 in
1535 2788 1818 2861 recenti
1844 2789 2144 2865 Graeoia

140 2949 660 3026 usquequaque
716 2925 1187 2999 observasset
1219 2978 1239 3013 ,
1310 2912 1484 2994 euin
1515 2923 1662 2993 iter
1701 2920 2144 2995 confecisset

136 3057 209 3131 in
238 3072 567 3135 veterem
584 3114 607 3155 ,
648 3058 799 3132 hoc
824 3069 937 3131 est
960 3056 1227 3153 (verba
1252 3055 1415 3151 ipsa
1441 3063 1620 3127 sunt
1644 3052 2139 3148 Villoisonis,

135 3190 642 3293 Prolegomen.
698 3192 840 3265 loc.
876 3191 1071 3264 citat.
1096 3190 1125 3284 )
1150 3245 1171 3281 ,
1224 3213 1399 3261 cum
1435 3198 1780 3260 auctores
1813 3189 2132 3261 Latinos

136 3322 575 3425 Graecosque
592 3324 937 3423 singulos
956 3348 999 3396 a
1021 3321 1263 3418 capite
1274 3320 1369 3394 ad
1382 3319 1662 3394 calcem
1683 3321 2140 3419 perlegisset,

136 3482 433 3557 quaeque
466 3460 565 3535 de
592 3459 953 3538 omnibus
982 3456 1209 3529 rebus
1237 3450 1347 3525 sd’
1358 3454 1735 3527 Graeciam
1763 3454 2144 3553 AEgeique

135 3595 341 3669 maris
420 3594 719 3673 insulas
802 3588 1497 3689 quomodocunque
1581 3592 2142 3687 pertinentibus

136 3728 437 3825 quisque
484 3727 800 3825 scripsit
822 3780 843 3817 ,
906 3750 995 3798 ea
1050 3723 1548 3819 excerpsisset
1577 3778 1598 3815 ‚
1662 3722 2096 3821 referreque
2119 3781 2142 3820 ,

134 3884 205 3933 ac
224 3862 695 3955 discernere,
719 3872 795 3934 et
824 3885 997 3934 cum
1024 3860 1153 3947 iis,
1187 3881 1357 3954 quae
1382 3856 1544 3953 ipse
1573 3853 1922 3954 vidisset,
1959 3886 2143 3935 con-

132 3987 301 4070 ferre
320 4008 601 4097 posset.
634 3996 1005 4093 Magnum
1028 4017 1237 4084 sane,
1262 4002 1335 4065 et
1354 3992 1770 4090 singulare,
1793 3991 2144 4093 dignum-

1762 4140 1790 4206 ἰ

2256 1186 2410 1229 111.

2272 1284 2410 1323 ,Mors

2194 1350 2460 1397 villoisonin
2470 1388 2484 1411 ,

2169 1424 2243 1467 cui
2259 1424 2402 1471 delata
2418 1434 2514 1471 erat

2195 1498 2311 1555 Lydi
2331 1500 2486 1545 editio.
