3050 5017
470 485 1025 538 nmrmsmcass
1074 484 1485 534 ROMANAE
1535 483 2170 569 L18.11.1a7

126 596 637 696 permittens,
672 599 1136 726 priusquam·
1142 611 1219 668 et
1244 601 1534 694 generis
1567 599 1954 674 honestate
1979 617 2057 676 et
2083 603 2170 675 li-

123 713 509 788 beralium
548 713 932 785 literarum
970 713 1185 810 copia
1213 729 1564 805 ornatus,
1602 741 2024 848 novemque
2049 745 2170 792 an-

124 855 283 902 nos
313 831 393 904 in
428 828 773 902 codicillo
802 829 1049 925 (inter
1085 831 1548 927 exceptores)
1595 835 1883 932 egregie
1931 858 2170 908 versa·

124 961 267 1017 tus
290 1001 311 1035 ,
343 961 571 1044 atque
594 969 897 1018 omnem
928 969 1181 1018 rerum
1208 969 1433 1019 usum
1458 946 1776 1044 adeptus
1795 1003 1816 1040 ,
1847 949 2170 1045 juvenili

124 1087 452 1161 quoque
496 1063 800 1136 audacia
838 1064 919 1134 in
960 1061 1399 1135 modestiam
1454 1077 1740 1137 mutata
1783 1119 1804 1155 ‚
1855 1064 2171 1140 honoris

126 1194 295 1250 tam
327 1177 745 1276 splendidi,
792 1190 1153 1275 potestate
1183 1203 1343 1251 non
1378 1201 1604 1275 parva
1633 1193 1710 1251 et
1743 1178 1956 1253 lucro
1985 1180 2171 1254 olim

126 1293 349 1366 mille
382 1319 789 1382 aureorum
832 1292 1267 1392 gaudentiS‚
1310 1294 1590 1392 dignus
1613 1294 2018 1370 videretur.

248 1436 361 1509 19.
414 1415 507 1483 At
533 1408 834 1492 fortasse
856 1409 1385 1508 prudentiores
1420 1409 1788 1482 lectorum
1811 1409 2015 1486 haud
2039 1413 2168 1487 ab·

128 1526 365 1600 surde
393 1541 791 1600 occurrent
816 1579 839 1616 ‚
886 1526 1215 1598 dicentes
1254 1554 1270 1596 ε
1313 1526 1503 1624 quid
1537 1525 1840 1600 tandem
1863 1581 1886 1618 ‚
1934 1528 2028 1601 de
2053 1531 2168 1600 in·

130 1642 485 1742 signibus
533 1645 1005 1742 magistratus
1064 1643 1309 1714 dicere
1368 1641 1754 1741 pollicitus
1771 1697 1791 1734 ,
1861 1667 2021 1716 non
2092 1658 2170 1718 et

128 1759 584 1834 vexillorum
620 1776 697 1833 et
725 1761 1107 1835 securium
1144 1774 1219 1832 et
1250 1759 1654 1858 palmitum
1695 1763 2164 1836 mentionem

128 1875 420 1949 fecisti?
465 1875 617 1948 haec
656 1879 863 1948 enim
909 1879 1259 1974 magistro
1302 1879 1651 1974 equitum
1693 1875 1878 1949 olim
1915 1875 2163 1968 fuere,

130 2020 279 2092 pro
297 2019 455 2092 quo
474 1991 901 2092 praefectum
922 1995 1267 2091 praetorio
1286 1996 1580 2092 primus
1595 1995 2162 2092 imperatorum,

132 2113 291 2184 sive
326 2113 693 2184 Caesarum
716 2163 738 2201 ,
767 2111 1059 2182 creavit.
1092 2113 1325 2180 Fuere
1362 2109 1596 2206 igitur
1622 2161 1644 2197 ,
1693 2111 2008 2208 inquam
2031 2165 2052 2198 ‚
2087 2124 2164 2184 et

130 2225 293 2300 haec
336 2225 857 2327 praefectorum
897 2226 1243 2323 praetorio
1298 2225 1626 2321 insignia
1665 2223 1760 2296 ad
1805 2226 2164 2298 Domitia-

134 2369 331 2418 num
368 2370 609 2454 usque
658 2372 675 2414 :
730 2347 793 2415 is
824 2356 1076 2414 autem
1104 2395 1125 2431 ,
1178 2365 1355 2420 cum
1406 2345 1729 2413 Fuscum
1775 2341 2160 2440 quendam

130 2461 587 2564 praefecturae
608 2461 1147 2560 praeposuisset,
1168 2473 1400 2531 totam
1422 2456 1574 2532 fere
1593 2461 1928 2557 magistri
1952 2461 2164 2558 equi-

134 2597 305 2652 tum
348 2583 687 2670 muneris
721 2579 1157 2650 memoriam
1184 2578 1501 2650 extinxit
1522 2631 1543 2666 ,
1597 2601 1754 2649 non
1787 2580 2161 2671 securim,

132 2723 297 2770 non
320 2696 585 2770 vexilla
606 2751 627 2788 ‚
678 2720 923 2794 neque
944 2694 1287 2794 palmites
1307 2747 1331 2784 ‚
1370 2717 1563 2792 quos
1588 2707 1899 2783 vocant,
1938 2691 2164 2766 relin-
2207 2711 2214 2721 ’

130 2839 405 2914 quens.
438 2819 623 2889 Nam
670 2815 807 2912 qui
842 2811 1067 2884 hodie
1099 2835 1141 2882 a
1192 2811 1538 2908 principe
1567 2805 1807 2880 fertur
1829 2807 2116 2907 palmes
2139 2860 2161 2896 ,

132 2931 339 3004 nihil
370 2947 632 3031 praeter
661 2955 941 3003 nomen
968 2929 1063 3001 de
1087 2927 1538 3026 antiquitate
1565 2939 1824 2998 servat.
1859 2927 2166 3024 Quippe

128 3065 225 3120 ut
278 3047 505 3138 olim,
559 3051 661 3120 ita
696 3049 1113 3120 etiamnum
1152 3043 1357 3141 apud
1408 3057 1768 3114 armatam
1813 3041 2164 3140 militiam

128 3168 437 3264 primus
454 3164 935 3238 biarchorum
959 3216 979 3252 ,
1008 3185 1201 3259 quos
1222 3173 1530 3245 vocant,
1549 3159 1832 3254 virgam
1853 3157 2168 3254 palmite

131 3309 229 3354 ex
261 3307 449 3356 auro
480 3281 673 3356 facto
704 3276 1339 3378 circumplicatam
1366 3287 1598 3371 gestat
1616 3325 1638 3362 ,
1683 3274 1764 3342 in
1796 3270 2166 3344 honorem

128 3401 529 3500 quondam
557 3400 742 3474 culti
765 3397 1081 3488 Dionysi
1105 3421 1126 3485 ;
1154 3388 1795 3493 quemadmodum
1829 3389 1910 3460 in
1939 3413 2168 3488 opere

130 3519 231 3592 de
262 3518 651 3592 mensibus
670 3513 1130 3590 sufficienter
1158 3510 1661 3608 exposuimus.
1687 3508 2024 3580 securim
2047 3532 2170 3580 au·

132 3647 295 3710 tem
346 3633 489 3708 soli
546 3631 841 3707 consuli
892 3645 967 3703 et
1019 3623 1544 3702 consularibus
1604 3624 2168 3721 provinciarum

132 3739 699 3852 magistratibus
746 3762 1031 3821 mutata
1081 3760 1249 3817 aetas
1297 3741 1606 3839 reliquit
1632 3794 1652 3830 ‚
1731 3737 2176 3812 erubescens

133 3871 337 3942 forte
372 3921 394 3958 ‚
458 3881 533 3939 et
588 3866 733 3938 hoc
795 3862 1268 3938 consulatum
1328 3869 1774 3931 ornamento
1827 3855 2168 3954 spoliare.

132 3992 329 4063 Nam
365 3983 631 4062 vexilla
672 3983 981 4084 quidem
1020 4005 1231 4056 nunc
1266 3960 1503 4050 solius
1547 3975 2013 4073 imperatoris
2061 3975 2176 4048 in-
