3050 5017
761 505 886 560 ΒΕ
947 505 1300 562 sonum
1359 508 1643 560 mmo.
2024 484 2233 562 lxxv

187 649 480 724 librum
509 645 604 726 de
633 649 970 727 Ostentis
1009 679 1166 728 non
1199 679 1414 752 aeque
1441 647 1917 750 retractavit)
1968 677 2237 726 accen-

191 793 322 856 tus
359 793 432 856 et
473 783 830 880 spiritus,
879 785 960 860 in
1015 784 1200 860 cod.
1242 811 1384 884 pro
1430 811 1643 860 more
1690 809 1857 860 saec.
1910 807 2000 858 ιι
2053 795 2127 858 et
2174 805 2239 858 x

192 915 701 1015 negligentius
759 928 1058 994 notatos
1082 977 1104 1016 ,
1169 920 1699 1020 superscripsit
1740 913 2239 1018 :quanquam

189 1053 278 1124 in
303 1049 431 1124 his
467 1074 776 1148 quoque
804 1077 1000 1150 saepe
1034 1054 1343 1131 erravit.

289 1317 691 1392 XXXV.
761 1319 999 1396 Hunc
1065 1333 1318 1396 autem
1389 1321 1616 1396 talem
1686 1317 2019 1396 codicem
2091 1321 2237 1394 tria

191 1451 384 1526 olim
431 1450 638 1551 Lydi
689 1475 919 1550 opera
969 1455 1434 1528 continuisse
1483 1480 1645 1528 non
1702 1465 1813 1527 est
1868 1451 2234 1548 dubium,

187 1583 348 1660 hoc
383 1593 533 1679 est,
591 1558 1006 1713 librani*
1049 1587 1493 1718 Μίδης,
1551 1585 1645 1660 de
1690 1585 2025 1660 Ostentis
2051 1642 2072 1680 ,
2143 1584 2237 1660 de

191 1716 788 1814 Magistratibus.
865 1716 1012 1827 Sed
1073 1719 1267 1796 liber
1315 1717 1408 1794 de
1461 1719 1860 1794 Mensibus
1929 1717 2243 1816 quidem

193 1877 414 1928 nunc
432 1863 634 1926 totus
659 1849 998 1949 perditus
1021 1823 1156 1948 est,
1181 1865 1453 1952 praeter
1475 1852 1633 1928 duo
1652 1851 1831 1927 folia
1858 1879 1899 1926 a
1925 1879 2245 1952 corpore

192 1985 498 2061 Codicis
547 1969 940 2083 abjuncta,
993 1987 1332 2087 adeoque
1387 1989 1682 2086 affecta,
1762 1998 1848 2061 ut
1884 1987 2031 2088 legi
2082 2017 2245 2066 non

155 2121 516 2222 ‘possint
558 2120 880 2219 Vixque
907 2127 1076 2198 sum
1111 2149 1212 2198 ex
1241 2124 1635 2199 literarum
1674 2123 2007 2220 vestigiis
2047 2119 2245 2196 illud

193 2254 664 2351 expiscatus,
697 2256 815 2354 agi
853 2254 962 2329 ibi
987 2253 1082 2330 de
1107 2253 1316 2332 festis
1352 2257 1537 2356 reip.
1572 2257 1943 2331 Romanae
1974 2253 2259 2329 diebus

193 2415 238 2467 a
257 2389 431 2466 Kal.
453 2390 884 2466 Novembr.
913 2390 1044 2464 ubi
1065 2391 1112 2464 J
1115 2390 1246 2466 ovi
1267 2390 1653 2490 pulvinar,
1671 2390 2253 2478 lectisternium,

187 2523 363 2604 ludi
395 2523 784 2600 Circenses
817 2552 835 2598 ε
881 2549 1122 2623 usque
1161 2523 1252 2600 ad
1289 2547 1382 2600 111
1425 2526 1635 2601 Non.
1674 2521 2008 2622 ejusdem
2042 2549 2250 2600 men-

195 2661 346 2754 sis,
385 2659 518 2732 ubi
551 2669 666 2733 est
697 2655 973 2734 hiemis
1001 2657 1344 2752 initium,
1379 2668 1455 2732 et
1481 2658 1715 2732 maria
1742 2659 1957 2734 claud
1968 2635 2247 2734 untur:

189 2793 362 2869 vid.
375 2791 926 2868 Kalendarium
937 2793 1264 2866 Roman.
1283 2801 1617 2888 auctum,
1635 2793 1869 2868 inW.
1882 2792 2248 2890 Stukeley

188 2929 572 3004 Medullia
609 2929 896 3020 history
939 2929 1038 3023 of
1075 2927 1490 3000 Cat-ansius
1512 2928 1729 3000 Book
1764 2947 1852 3000 11.
1894 2924 2247 2999 London.

196 3061 421 3164 1759.
455 3061 526 3136 4.
555 3085 716 3158 pag.
750 3059 872 3136 65.
902 3061 960 3132 ii
989 3057 1146 3133 dies
1173 3058 1560 3154 incidunt,
1598 3061 1873 3159 opinor
1894 3116 1916 3148 ,
1973 3061 2051 3134 in
2085 3083 2247 3158 pag.

195 3194 372 3270 125.
421 3194 986 3293 Excerptorum
1029 3193 1206 3267 edit.
1245 3191 1745 3270 Schowianae.
1780 3195 1903 3266 Ex
1927 3193 2125 3267 libro
2154 3191 2250 3265 de

193 3328 546 3402 Ostentis
601 3325 783 3402 folia
829 3353 952 3404 xx
974 3349 1190 3404 xv11
1243 3335 1655 3425 supersunt
1717 3352 1733 3398 :
1794 3351 2107 3424 nempe,
2156 3346 2249 3400 xt

197 3485 426 3558 aeque
445 3485 488 3533 a
513 3458 772 3535 codice
790 3486 1000 3534 nunc
1023 3471 1358 3558 separata
1377 3515 1398 3553 ‚
1429 3469 1504 3532 et
1528 3479 1745 3533 xxVI
1767 3457 1911 3532 adh
1926 3485 2019 3534 uc
2051 3483 2243 3532 con-

188 3605 387 3670 suta.
405 3595 750 3669 Subsunt
773 3593 950 3668 libri
981 3593 1074 3667 de
1102 3593 1669 3691 Magistratibus
1691 3589 1873 3666 folia
1898 3615 2036 3665 mx
2062 3617 2241 3667 con·

191 3737 396 3816 suta,
417 3750 506 3802 tv
537 3738 874 3827 separata
911 3755 928 3800 ε
965 3752 1261 3802 summa
1285 3747 1508 3800 Lxm.
1546 3725 1825 3824 Igitur,
1855 3737 2125 3823 praeter
2160 3749 2247 3800 ea

2334 1328 2376 1370 1
2387 1328 2425 1370 x
2436 1329 2477 1371 Χ
2491 1329 2548 1370 V.

2332 1419 2542 1466 conditio

2328 1493 2550 1539 hodierna

2321 1639 2567 1687 caseolini.

185 3887 372 3960 quae
397 3860 619 3959 plane
644 3862 996 3937 abierunt
1016 3918 1037 3958 ,
1103 3871 1368 3936 extant
1395 3858 1627 3936 hodie
1654 3860 1737 3933 in
1760 3857 2012 3934 fronte
2044 3857 2249 3934 cedi-4
2364 3933 2374 3940 .

191 3994 310 4072 cis
343 3990 527 4070 folia
549 3995 902 4094 abjuncta
929 4015 1080 4068 1111
1101 4048 1124 4090 ,
1169 3993 1252 4068 in
1289 3991 1492 4068 calce
1519 3989 1701 4066 folia
1735 3992 2087 4088 abjuncta
2132 4018 2241 4091 Ν,

551 4125 557 4130 .
1788 4127 1834 4198 k
1883 4130 1951 4226 ij
