3050 5017
968 427 1507 481 FRAGMB-NTA.
2103 438 2250 516 ²9²

226 540 477 616 batur.
500 544 795 615 Aurum
818 563 999 614 vero
1018 540 1431 640 quotannis
1456 536 1768 639 captivis
1795 538 2256 623 redimendis

222 660 517 734 occulte
534 656 993 750 effundebat,
1006 657 1448 751 lacrymans,
1460 682 1640 730 cum
1657 654 1848 733 forte
1866 658 2142 759 aliquis
2161 664 2258 739 de

224 774 565 851 hostium
604 777 1039 849 incursione
1082 776 1544 875 captivisque
1593 772 1935 849 abductis
1975 778 2054 849 ei
2087 804 2260 854 nar-

218 908 439 967 raret.
483 896 577 967 Et
618 893 1005 966 veritatem
1054 905 1313 966 testem
1356 894 1712 965 invocare
1745 918 1906 967 non
1949 918 2210 970 vereor
2233 882 2273 990 ,⁸
2333 899 2340 912 “

214 1026 398 1083 vera
450 1008 711 1083 dicens
746 1037 763 1081 :
805 1010 959 1083 scio
980 1063 997 1082 .
1026 1060 1045 1079 .
1075 1065 1092 1080 .
1146 1032 1269 1083 me
1314 1023 1614 1082 tantum
1653 1012 1822 1084 auri
1849 1066 1870 1102 ‚
1927 1012 2092 1110 ipso
2129 1012 2257 1087 ab·

212 1139 429 1199 sente
458 1180 479 1217 ,
528 1150 673 1224 pro
720 1123 1343 1199 redimendorum
1389 1128 1860 1226 captivorum
1910 1124 2258 1201 multitu-

214 1241 403 1315 dine
432 1244 799 1365 accepisse
820 1246 849 1335 (
862 1240 1003 1315 hac
1026 1242 1234 1317 enim
1252 1244 1626 1342 vigente...
1649 1256 1926 1320 vestem
1948 1268 2262 1345 quoque

214 1357 805 1454 vendidisset)...
836 1358 971 1433 Ille
994 1375 1247 1433 autem
1284 1362 1938 1461 supervenientem
1967 1378 2046 1435 et
2070 1360 2261 1435 facta

215 1488 616 1561 testantem
666 1474 1095 1580 obseerabat
1123 1529 1145 1569 ,
1210 1490 1301 1549 ut
1353 1492 1748 1577 propterea
1791 1480 2060 1577 gratias
2115 1478 2260 1553 deo

210 1607 467 1691 ageret
490 1644 512 1681 ‚
554 1592 770 1692 quod
816 1618 1129 1691 corpore
1186 1592 1337 1691 piis
1388 1592 1748 1692 operibus
1793 1596 2211 1669 moriturus
2235 1648 2258 1685 ,

218 1710 675 1785 immortalis
711 1736 851 1813 per
879 1710 1021 1784 filii
1054 1710 1241 1783 facta
1270 1726 1629 1785 maneret.
1798 1702 1804 1716 '

319 1826 439 1925 76.
493 1832 733 1901 Tanto
777 1830 945 1901 viro
982 1826 1195 1901 laetus
1245 1818 1660 1928 imperato}
1697 1818 1946 1902 niulto
1999 1828 2256 1903 labore

215 1941 623 2045 persuadet
648 1998 669 2035 ,
703 1967 1191 2017 communem
1223 1944 1586 2021 omnibus
1618 1972 1833 2021 suam
1867 1950 2108 2021 animi
2131 1946 2262 2019 bo-

208 2062 528 2135 nitatem
582 2060 976 2135 ostendere
1016 2111 1039 2152 ,
1096 2075 1171 2134 et
1218 2086 1476 2136 rerum
1537 2062 2024 2163 publicarum
2075 2088 2258 2136 cura

206 2188 553 2276 suscepta
574 2230 597 2267 ,
642 2176 880 2250 totius
897 2231 919 2270 ,
965 2174 1184 2249 malis
1210 2177 1365 2275 jam
1416 2178 1904 2279 depereuntis
1950 2180 2255 2279 imperii

208 2294 515 2367 clavum
559 2318 834 2393 regere.
884 2288 1019 2369 Ille
1054 2308 1309 2369 autem
1348 2298 1636 2371 invitus
1681 2296 1712 2397 (
1739 2297 2018 2370 etenim
2057 2297 2254 2395 peri-

208 2408 561 2485 culosum
603 2424 763 2483 erat
785 2466 808 2503 ,
854 2410 1077 2486 talem
1138 2408 1668 2511 imperatorem
1718 2426 2100 2512 petentem
2139 2436 2252 2485 re-

200 2524 487 2628 jicere)
536 2550 827 2601 munus
858 2527 1097 2603 subiit
1134 2554 1151 2600 :
1190 2530 1467 2603 timens
1508 2544 1760 2602 tamen
1783 2584 1804 2621 ,
1849 2544 1924 2603 et
1963 2529 2249 2628 magni-

207 2644 483 2718 tudine
518 2657 895 2717 terrorum
936 2646 1153 2744 quasi
1186 2646 1554 2743 vertigine
1595 2658 2026 2744 correptus,
2056 2643 2252 2717 vidit

204 2754 439 2833 deum
520 2775 959 2858 praesentem
1024 2784 1103 2833 se
1187 2760 1542 2857 adjuvare
1601 2775 1976 2858 paratum.
2059 2762 2248 2831 Nam

208 2874 445 2949 simul
490 2888 719 2973 atque
742 2929 765 2966 ,
810 2892 1157 2976 suscepto
1200 2878 1642 2977 magistratu
1665 2930 1688 2967 ‚
1739 2890 1942 2948 extra
1994 2872 2250 2946 aulam

210 3016 449 3065 curru
477 2985 761 3065 vehens
778 2990 1165 3090 adparuit,
1192 2994 1593 3066 universus
1615 2989 1949 3092 populus
1968 2980 2246 3063 omnis-

207 3132 363 3207 que
419 3120 591 3179 aetas
643 3130 729 3179 ac
780 3128 996 3180 sexus
1022 3160 1045 3199 ,
1094 3132 1251 3181 una
1293 3108 1613 3180 extensis
1650 3109 1734 3178 in
1777 3105 2054 3179 coelum
2093 3128 2242 3177 ma·

207 3221 480 3313 nibus,
511 3220 840 3315 hymnos
862 3224 946 3295 in
974 3224 1383 3324 gratiarum
1403 3224 1778 3319 actionem
1809 3244 1984 3293 cum
2009 3219 2248 3313 lacry-

209 3340 359 3412 mis
383 3339 527 3413 deo
566 3354 951 3416 cantavere
981 3396 1002 3431 ,
1066 3352 1271 3415 tanta
1302 3334 1779 3440 providentia
1819 3340 2244 3437 innumeris

206 3455 429 3531 malis
448 3471 853 3557 prostratos
877 3458 1205 3557 dignato.
1229 3456 1674 3531 Persuadere
1707 3470 1958 3529 autem
1995 3453 2242 3527 homi-

210 3572 445 3647 nibus
476 3572 829 3672 dignatus
861 3573 1048 3648 deus
1070 3630 1092 3665 ,
1142 3574 1473 3649 ostendit
1508 3598 1660 3653 sese
1691 3574 1938 3653 adesse
1972 3570 2268 3665 rebus,-

284 3736 371 3821 4)
404 3744 945 3823 καὶ-ἔνασχολεῖσθαι
968 3742 1041 3805 in
1061 3743 1339 3807 versione
1363 3745 1563 3810 omisi.

292 3836 375 3917 5)
408 3836 561 3900 cod.
588 3844 727 3899 obeoe.
808 3838 889 3923 6)
926 3838 1075 3904 Cod-
1109 3844 1306 3914 ...tisc-

290 3936 367 4019 ῃ)
406 3934 571 4017 Lego
592 3934 789 4014 φόβων.
