3050 5017
506 507 1074 584 instruamus
1124 528 1519 580 nonnus
1571 531 1738 605 21¹³.-
1788 533 1840 581 1.
2085 507 2192 609 69

135 667 377 744 quem
411 643 799 717 urbanum
834 696 855 731 ‚
883 641 1077 714 aliu-s
1104 641 1366 730 etiam,
1408 666 1638 740 quem
1663 643 2188 742 peregrinum,

139 762 215 858 id
272 777 429 850 est,
487 763 925 861 peregrinos
974 760 1461 857 recipientem
1496 813 1519 850 ‚
1575 776 1847 834 vocant
1886 812 1907 852 ,
1959 763 2190 833 creati
2228 797 2236 806 ·

142 895 354 952 sunt.
386 883 789 977 Postquam
823 899 1003 950 vero
1034 872 1371 976 populus
1404 893 1740 974 quatuor
1778 878 1858 948 in
1899 891 2192 976 partes,

138 1013 212 1072 et
264 997 577 1095 triginta
608 996 961 1095 quinque
1006 995 1087 1066 in
1118 992 1365 1066 tribus
1400 993 1688 1068 divisus
1713 1010 1860 1086 est,
1905 1013 2190 1066 memo-

137 1116 322 1189 ratis
357 1114 809 1214 praetoribus
838 1114 969 1185 alii
1004 1128 1155 1186 tres
1188 1111 1556 1210 adjuncti.
1595 1117 1820 1186 Anno
1859 1129 2110 1186 autem
2145 1135 2194 1185 a

142 1230 551 1306 consulatu
603 1231 1093 1330 nonagesimo
1137 1284 1158 1321 ‚
1230 1255 1409 1303 cum
1459 1229 1834 1304 Hannibal
1896 1229 2188 1302 Italiam

143 1351 539 1422 invasisset
560 1403 584 1442 ,
632 1363 947 1449 propter
972 1347 1155 1421 belli
1191 1348 1467 1421 molem
1516 1373 1675 1421 non
1708 1364 2008 1422 tantum
2046 1343 2194 1422 ‹lic-

142 1482 463 1540 tatorem
484 1521 508 1557 ‚
557 1465 685 1539 sed
710 1482 785 1537 et
809 1461 1391 1566 prodictatorem
1416 1521 1439 1558 ,
1482 1491 1626 1539 nec
1647 1491 1806 1539 non
1832 1467 2192 1564 magistro

140 1585 496 1684 equitum
546 1585 913 1659 vicarium
960 1609 1297 1658 creavere
1324 1611 1347 1676 3
1406 1600 1495 1656 ut
1517 1639 1540 1675 ,
1601 1585 1836 1658 altero
1880 1583 2196 1655 alterius

146 1717 515 1800 sequente
554 1701 961 1774 consilium
982 1755 1003 1793 ,
1060 1701 1367 1774 nullum
1401 1701 1836 1801 reipublicae
1871 1723 1915 1772 e
1942 1699 2196 1797 singu·

146 1822 283 1894 lari
304 1837 669 1921 potestate
688 1822 977 1894 malum
1008 1805 1369 1896 existeret.
1397 1825 1550 1894 Hos
1577 1821 1774 1896 solos
1796 1821 2196 1894 dictatores

150 1956 691 2014 commemorat
718 1945 1233 2014 Romanorum
1266 1937 1578 2012 historia
1611 1967 1628 2010 t
1659 1953 1830 2038 post
1859 1961 1987 2010 eos
2011 1959 2194 2010 vero

150 2059 377 2130 caius
399 2056 651 2129 Julius
668 2059 927 2146 Caesar,
955 2070 1303 2154 suscepto
1324 2053 1586 2127 contra
1603 2069 1950 2126 senatum
1977 2057 2194 2124 Pom-

152 2176 573 2275 peiumque
596 2173 877 2248 exitiali
912 2171 1342 2272 reipublicae
1364 2170 1566 2243 bello
1591 2225 1614 2261 ,
1657 2171 1815 2270 ipse
1836 2195 1912 2242 se
1937 2168 2192 2242 solum

148 2291 583 2392 principem
610 2290 1007 2364 constituit
1024 2343 1046 2381 ,
1078 2287 1365 2389 Lepido
1394 2311 1580 2364 usus
1605 2289 1964 2389 magistro
1987 2286 2196 2388 equi·

152 2419 344 2480 tum.

938 2547 1411 2600 cnusuns.

252 2755 375 2854 39.
426 2757 661 2829 Initio
688 2755 1023 2855 populus
1049 2781 1135 2830 ac
1170 2771 1323 2829 tota
1354 2755 1680 2828 omnino
1705 2755 1966 2828 civitas
1995 2751 2194 2825 mili-

155 2873 397 2965 tabat,
444 2873 563 2946 vel
601 2875 783 2973 ipsis
808 2873 1319 2947 sacerdotibus
1346 2875 1429 2945 in
1466 2871 1760 2948 hostem
1796 2869 2194 2961 euntibus;

150 3017 569 3092 omnesque
604 3017 681 3066 se
706 2995 849 3092 ipsi
874 2991 1415 3066 sustentabant.
1439 2997 1702 3093 Itaque
1725 3013 2020 3065 necesse
2047 2987 2198 3062 suit

152 3114 552 3201 Romani8‚
596 3135 792 3212 quos
823 3135 1167 3185 censores
1202 3112 1345 3211 ipsi
1385 3127 1691 3202 vocant,
1734 3135 2012 3198 creare,
2055 3109 2214 3208 qui·

152 3229 541 3303 facultates
598 3228 881 3301 civium
941 3226 1506 3326 pet-scribebant
1555 3281 1579 3318 ,
1643 3244 1955 3326 propter
2014 3223 2195 3297 belli

150 3361 497 3436 sumtus3
536 3345 863 3419 necdum
906 3347 1113 3416 enim
1156 3369 1198 3418 e
1241 3343 1554 3444 publico
1601 3370 1768 3432 eOS,
1813 3359 1900 3415 ut
1937 3365 2201 3432 nunc,

152 3461 531 3536 militibus
562 3461 1036 3561 praebebant3
1103 3463 1393 3562 quippe
1450 3459 1738 3560 quibus
1781 3457 1978 3533 nulli
2027 3473 2194 3531 tum

152 3579 549 3678 vectigales
581 3593 844 3651 essent.
870 3569 1051 3651 Inde
1076 3603 1419 3652 censores
1437 3580 1675 3651 Graeci
1704 3585 1945 3674 τιμητὰς
1967 3574 2199 3674 (aesti·

152 3695 527 3790 matores)
574 3694 953 3768 dixerunt.

252 3819 376 3902 40.
431 3812 570 3886 Illo
624 3828 961 3912 tempore
1013 3815 1317 3907 Tinius,
1380 3817 1769 3887 Romanus
1813 3811 2196 3897 comicus,

232 3979 309 4051 4)
350 3938 524 4048 'renim
548 3978 711 4039 haud
740 3980 924 4042 dubie
948 3993 1339 4063 corruptum.
1368 3985 1558 4045 Forte
1591 3979 1918 4064 legendum
1937 3965 2196 4056 Τὶτίνωςς

150 4071 297 4137 licet
328 4077 495 4136 enim
521 4076 704 4156 Lydo
728 4097 992 4139 errorem
1020 4081 1309 4141 tribuere.
