3050 5017
829 454 970 549 lxii
1473 476 2242 531 comnena-antus

829 646 1024 699 caeca
1057 618 1376 719 vestigia
1401 622 1678 718 passim
1716 634 2070 697 errantes,
2110 622 2287 713 Qua
2332 622 2415 695 in
2454 624 2867 721 peregrina·

829 758 1042 831 tione
1075 778 1306 853 quam
1335 757 1725 831 curiosum
1760 780 1917 831 sese
1948 755 2387 833 exhibuerit
2415 759 2871 855 politioeirnae

827 891 1230 966 vetustatis
1255 886 1793 987 indagatorem,
1819 889 2189 967 litteratus
2206 889 2443 969 homo
2460 893 2539 965 in
2566 892 2869 991 Europa

826 1050 1058 1102 nemo
1087 1035 1200 1098 est
1249 1025 1384 1121 qui
1416 1025 1720 1099 nesciat.
1773 1026 2291 1119 Quamobrem
2334 1025 2529 1105 mihi
2561 1026 2869 1125 quidem

827 1163 1103 1261 dignus
1137 1160 1477 1261 profecto
1511 1162 1825 1238 videtur
1862 1161 2134 1259 fuisse,
2178 1166 2312 1263 qui
2354 1192 2514 1239 non
2558 1164 2865 1263 Lydum

829 1309 1217 1390 nostrum,
1257 1296 1386 1371 sed
1425 1300 1849 1396 principem
1880 1300 2209 1398 aliquem
2239 1326 2338 1375 ex
2366 1300 2657 1374 Graecis
2690 1302 2869 1375 scri-

827 1430 1178 1530 ptoribus
1199 1486 1222 1525 ‚
1253 1433 1584 1507 maxime
1614 1444 1867 1507 autem
1894 1458 1938 1505 e
1966 1432 2243 1530 poetis,
2269 1433 2406 1529 qui
2440 1434 2867 1530 perierunt,

829 1564 928 1638 ab
951 1560 1213 1637 inferis
1236 1564 1601 1639 excitaret
1633 1592 1649 1637 ε
1677 1563 2195 1639 Menandrum
2216 1564 2577 1639 videlicet
2598 1620 2621 1659 ,
2648 1576 2727 1639 et
2746 1568 2871 1639 So-

829 1698 938 1798 ph
951 1726 1216 1775 ronem
1256 1727 1271 1771 :
1309 1700 1434 1775 vel
1463 1698 1921 1797 Sophoclem
1952 1712 2080 1775 aut
2106 1699 2525 1775 Pindarum
2562 1726 2663 1773 ex
2698 1699 2825 1774 his
2850 1756 2872 1795 ,

831 1859 1166 1932 quorum
1197 1834 1474 1931 scripta
1493 1862 1651 1908 non
1680 1860 1951 1932 parum
1980 1835 2203 1933 plura
2225 1836 2495 1910 amissa
2518 1838 2755 1933 quam
2776 1862 2877 1910 re-

829 1980 1042 2042 tenta
1070 1980 1270 2042 sunt.
1295 1967 1416 2043 Ad
1441 1994 1669 2066 quem
1696 1969 1905 2043 enim
1932 1972 2184 2069 potius
2208 1968 2578 2067 ejusmodi
2599 1971 2681 2043 in
2692 1996 2871 2044 ven·

830 2101 1120 2177 tionem
1147 2102 1520 2198 pertinere
1539 2101 1879 2176 dicamus
1898 2158 1917 2196 ,
1946 2130 2177 2201 quam
2200 2102 2293 2175 ad
2312 2092 2523 2196 euin,
2552 2104 2875 2199 quinon

831 2236 1116 2311 minori
1144 2234 1445 2311 dicendi
1468 2236 1791 2309 artifieio
1818 2224 2047 2333 quam
2076 2226 2575 2333 cognoscendi
2604 2236 2877 2332 peritia

833 2396 1312 2469 quaecunque
1337 2370 1480 2443 sibi
1505 2371 1877 2445 Graeciam
1905 2373 2323 2469 peragranti
2342 2384 2837 2445 occurrerant
2856 2424 2876 2463 ,

831 2516 988 2578 tam
1013 2500 1300 2579 vividis
1323 2502 1706 2576 coloribus
1728 2504 2101 2600 expressit
2120 2560 2141 2598 ,
2186 2516 2273 2577 ut
2300 2528 2565 2578 omnes
2596 2502 2881 2577 intelli-

833 2648 1144 2738 gerent,
1191 2634 1388 2709 nihil
1418 2660 1579 2710 esse
1610 2662 1763 2711 non
1803 2637 2129 2711 oratoria
2174 2630 2469 2711 tantum
2498 2636 2659 2733 ejus
2681 2689 2702 2729 ‚
2744 2634 2877 2710 aed

833 2772 1130 2872 poe'tioa
1164 2773 1388 2846 etiam
1427 2769 1781 2845 facultate
1812 2772 2308 2869 praestantius.
2354 2770 2661 2845 Verum
2706 2769 2878 2843 for·

835 2921 1024 2981 tuna
1054 2906 1186 2981 hic
1211 2906 1438 2980 etiam
1462 2960 1484 2999 ‚
1521 2916 1611 2979 ut
1636 2930 1829 3002 saepe
1848 2960 1871 2999 ,
1926 2930 2199 3004 parum
2224 2930 2440 3002 aequa
2464 2902 2636 2979 fuit.
2666 2905 2755 2977 N
2754 2928 2879 2979 am

840 3066 1014 3115 cum
1032 3098 1053 3135 ,
1082 3052 1171 3114 ut
1196 3038 1485 3116 dictum
1504 3048 1648 3132 est,
1686 3039 2431 3137 Constantinopolim
2460 3040 2738 3113 missus
2768 3064 2880 3113 es·

837 3188 948 3251 set
961 3232 984 3269 ,
1007 3174 1510 3270 dilectamque
1521 3198 1733 3247 suam
1748 3172 2121 3247 Graeciam
2136 3173 2261 3247 vel
2271 3184 2355 3247 ut
2371 3172 2583 3249 redin
2591 3185 2879 3271 tegrato

837 3334 1094 3387 amore
1115 3308 1745 3406 complecteretur
1762 3306 1885 3405 (eo
1904 3306 2175 3381 melius
2189 3364 2209 3400 ‚
2226 3332 2381 3403 quo
2402 3306 2691 3403 publici
2714 3332 2879 3381 mu·

839 3445 1043 3517 neris
1104 3442 1508 3515 auctoritas
1554 3441 2059 3538 opportunior
2098 3440 2314 3539 erat)
2352 3468 2368 3513 :
2410 3440 2877 3541 haberetque

837 3602 1098 3651 secum
1151 3572 1747 3649 eruditissimum
1798 3571 2191 3649 hominem
2220 3554 2286 3648 'J
2287 3600 2610 3650 oannem
2652 3578 2742 3675 B.
2793 3578 2877 3649 C.

837 3712 1156 3790 d’Ansse
1181 3709 1274 3784 de
1295 3706 1687 3782 Villoison
1718 3733 1735 3779 :
1770 3707 1869 3802 is,
1920 3718 2008 3783 ut
2044 3720 2205 3783 erat
2234 3692 2644 3785 acerrimus
2676 3712 2875 3787 anti-

842 3868 1174 3940 quorum
1205 3840 1553 3917 codicum
1581 3841 2111 3940 investigator,
2142 3843 2591 3918 Graecorum
2614 3870 2875 3921 mona·

837 3976 1070 4061 steria
1093 3974 1498 4074 percupide
1522 3974 1856 4075 quidem,
1880 3973 2007 4051 sed
2028 3974 2342 4066 frustra,
2362 3977 2871 4055 concursavit·

2986 0 3021 478 Ι
