3050 5017
703 500 825 553 nn
869 498 1246 553 :mamm
1293 485 1579 554 LYno.
1711 496 1718 507 ⁴
2060 483 2153 561 ix·

229 647 470 745 Cujus
499 647 853 745 imaginis
900 672 1096 745 saepe
1132 644 1326 722 mihi
1368 648 1587 723 venit
1636 648 1724 723 in
1774 662 2105 727 mentem
2127 709 2151 749 ,

125 782 386 857 tamin
401 779 554 856 hoc
573 792 876 878 tempus
889 778 1220 855 intuenti
1243 832 1265 868 ,
1289 776 1500 877 quod
1519 791 1883 878 tanquam
1905 782 2161 857 insula.

127 916 514 993 fortunata
565 916 648 991 in
691 915 884 991 mari
927 910 1206 989 infesto
1257 914 1571 1009 eniteat,
1632 940 1858 1012 quam
1905 918 1989 990 in
2040 914 2159 991 hi·-

130 1048 384 1123 storioe
415 1048 856 1147 Byzantinae
887 1046 1266 1123 studiosos
1282 1102 1308 1142 ,
1359 1073 1460 1121 ex
1489 1046 1663 1122 luce
1698 1049 1745 1121 J
1748 1048 2165 1125 ustinianei

131 1180 392 1257 saeculi
419 1181 502 1257 in
527 1180 966 1257 Heracliani
993 1180 1394 1279 caliginem
1425 1181 1680 1257 subito
1716 1180 2167 1257 incidentes.

133 1318 444 1393 Etenim
479 1374 504 1415 ,
588 1329 680 1395 ut
739 1318 840 1393 sit
911 1318 1268 1416 quamvis
1329 1316 1861 1416 vituperabilis
1921 1320 1965 1393 J
1976 1319 2169 1394 usti*-

133 1452 358 1527 niani
387 1464 562 1529 aetas
593 1453 764 1529 aliis
793 1454 1060 1537 rebus,
1115 1452 1380 1529 oculos
1427 1464 1683 1529 tamen
1729 1450 2173 1553 perstringit

133 1586 436 1683 objecto
467 1585 874 1685 splendore
905 1586 1240 1685 quodam
1271 1613 1432 1662 non
1457 1586 1691 1662 modo
1734 1588 1850 1662 rei
1884 1588 2171 1663 milita-

135 1718 289 1811 ris,
345 1716 476 1791 sed
514 1718 744 1795 etiam
771 1718 1168 1795 literarum
1213 1748 1230 1793 ε
1280 1713 1553 1795 habuit
1598 1726 1858 1820 poetas
1902 1721 2177 1796 tolera·-

133 1852 363 1946 biles,
393 1851 896 1955 philosophos
917 1880 1082 1930 non
1107 1857 1428 1931 omniuo
1445 1854 1848 1935 delirantes
1862 1912 1884 1951 ‚
1911 1876 2178 1969 rerum

137 1989 552 2086 scriptores
577 1988 802 2066 etiam
839 1988 1289 2067 luculentos.
1323 1988 1681 2081 Quorum
1713 1991 2062 2065 omnium
2091 1976 2181 2066 in

139 2146 476 2199 numero
507 2123 822 2224 Lydum
855 2122 1168 2199 fortasse
1199 2128 1470 2223 reponi
1504 2136 1805 2224 oportet
1854 2150 1873 2202 τ
1922 2150 2183 2225 quan-

141 2282 384 2355 quam
413 2280 586 2355 quae
615 2260 948 2336 carmine
971 2258 1358 2357 scripserit
1375 2284 1537 2334 non
1562 2270 1925 2359 superant
1953 2285 1971 2331 z
2004 2258 2186 2333 scri-

145 2391 394 2490 psisae
415 2404 670 2468 tamen
707 2404 1000 2469 constat
1033 2418 1136 2469 ex
1176 2392 1424 2468 edicto
1449 2392 1941 2492 Imperatoris
1956 2447 1978 2485 ,
2006 2388 2187 2465 edit.

145 2551 318 2627 pag.
351 2550 538 2625 200,
609 2526 1459 2603 laudante-suavitatem
1507 2526 1667 2621 ejus
1718 2526 1803 2600 in
1846 2521 2189 2625 poeticis.

147 2660 462 2743 Verum
491 2686 666 2759 quae
711 2660 1036 2737 feliciter
1080 2657 1669 2753 interciderunt,
1732 2669 1866 2733 aut
1904 2655 2141 2731 latent
2160 2712 2189 2753 ,

153 2820 244 2870 ea
268 2796 614 2873 sinamus
638 2795 1046 2895 quiescere.
1078 2777 1661 2892 Philosophiam
1692 2790 1964 2890 Lydus
1990 2801 2195 2864 certe

154 2917 408 3029 attigit'
459 2958 480 3001 ε
529 2928 692 3005 vid.
761 2928 940 3005 edit.
994 2954 1156 3029 pag.
1204 2932 1372 3029 194.
1428 2928 1561 3003 An
1618 2921 1919 3024 scriptis
1972 2922 2195 2998 editis

151 3066 604 3163 illustrarit,
664 3065 947 3165 ambigi
1007 3078 1272 3163 potest.
1307 3064 1514 3139 Nam
1562 3060 1769 3161 quod
1802 3060 1925 3135 illi
1954 3059 2198 3134 ascri-—

157 3200 380 3277 bitur
406 3200 996 3275 Commentarius
1030 3204 1110 3273 in
1134 3200 1735 3297 Theophrastum
1764 3200 1859 3269 de
1884 3219 2105 3267 semu
2128 3204 2201 3263 et

155 3338 582 3438 phantasia
601 3390 632 3427 ,
689 3336 860 3411 sive
903 3334 1158 3440 potius
1183 3334 1269 3409 in
1290 3304 1551 3409 locum
1576 3356 1678 3408 ex
1698 3330 1901 3406 libro
1927 3329 2203 3429 quinto

164 3472 690 3571 Physioorum
753 3469 1273 3569 Theophrasti
1339 3466 1559 3567 (vid.
1642 3464 1939 3541 Harles.
2004 3458 2205 3536 Bibl.

169 3610 420 3685 (ἔνι-ωε.
453 3605 660 3681 Vol:
689 3604 840 3681 111.
891 3630 1056 3706 pag.
1109 3602 1282 3680 444.
1335 3611 1414 3677 et
1451 3596 1781 3698 Catalog.
1840 3592 2207 3673 Biblioth.

169 3744 366 3841 Reg.
403 3740 638 3820 Paris.
663 3740 860 3840 1759
879 3736 1010 3815 fol.
1035 3736 1357 3814 Part-11
1381 3759 1549 3835 pag.
1577 3734 1771 3821 424>
1793 3784 1815 3820 ‚
1843 3728 1925 3807 id
1953 3738 2211 3827 aperte

177 3874 458 3951 falsum
493 3885 628 3947 est.
659 3871 1268 3949 Commentarius
1293 3870 1500 3945 enim
1522 3866 1657 3942 ille
1674 3919 1697 3959 ,
1732 3862 1871 3963 qui
1896 3871 2106 3937 extat
2126 3860 2215 3933 in

181 4010 372 4089 eod.
425 4020 691 4089 notsro
717 4010 966 4114 Regio
1005 4008 1236 4111 1954,
1289 4006 1601 4107 (estque
1630 4004 1883 4105 primo
1918 4024 2147 4077 cusus
2172 4022 2221 4071 a

1093 4154 1099 4162 ·
1878 4136 1925 4210 ὂ
