3050 5017
481 439 1037 489 nsxpunmcu
1084 440 1483 489 ROMANAE
1536 442 1688 489 mn.
1741 446 1870 491 111.
2047 418 2189 493 253

158 547 639 643 provinciam
678 546 1147 621 tributariam
1172 550 1528 627 Romanis
1553 552 1876 625 constitu
1887 549 2000 635 it).
2025 553 2196 641 Hic,

158 686 251 732 ex
292 660 422 739 illa
446 716 467 751 ‚
504 678 591 734 ut
632 662 831 751 dixi,
869 662 1281 752 oriundus,
1312 688 1489 736 cum
1527 664 1872 740 militaris
1906 664 2198 764 praefec-

159 795 359 853 turae
380 782 787 853 scriniariis
803 781 1338 856 adnumeratus
1356 780 1615 860 fuisset
1629 837 1650 873 ‚
1667 808 1895 882 seque
1914 783 2198 873 callide,

54 932 56 935 ⁴
162 910 256 970 ut
289 912 473 995 pote
500 897 929 1003 Cappadox,
964 900 1451 989 insinuasset,
1476 897 1864 974 familiaris
1891 903 2204 999 impera·-

162 1014 321 1086 tori
362 1010 601 1085 factus
622 1067 643 1103 ‚
704 1012 1006 1113 fideque
1041 1015 1319 1113 majora
1354 1042 1497 1119 pro
1532 1017 1917 1117 republica
1951 1042 2028 1090 se
2062 1016 2204 1091 fac-

160 1145 441 1203 turum
476 1130 903 1231 pollicitus,
948 1135 1148 1207 inter
1183 1134 1632 1207 discussores
1675 1149 2020 1233 receptus
2071 1147 2200 1210 est..

160 1246 361 1329 Inde
418 1272 648 1347 porro
694 1251 909 1348 quasi
959 1274 1096 1349 per
1146 1250 1421 1350 gradus
1470 1252 1566 1326 ad
1620 1249 1946 1325 illustres
2015 1274 2208 1349 quos

164 1379 485 1453 vocant,
514 1380 811 1443 evectus
830 1418 853 1455 ‚
885 1390 1135 1466 neque
1158 1368 1344 1446 dum
1370 1423 1391 1457 ‚
1420 1367 1666 1466 qualis
1692 1383 1962 1440 natura
1988 1380 2206 1457 esset,

166 1497 411 1556 notus
427 1537 447 1572 ‚
474 1481 925 1583 praefecturae
944 1484 1311 1571 honorem
1337 1485 1590 1557 subito
1613 1486 1883 1559 invasit
1914 1512 1931 1555 z
1960 1506 2210 1581 neque

53 1655 88 1669 ,.
168 1600 387 1673 enim
438 1616 693 1699 postea
739 1603 1103 1675 sustinuit
1138 1604 1576 1699 imperator,
1624 1610 1926 1700 ut'pote
1961 1600 2213 1673 bonus

166 1730 411 1815 atque
428 1714 809 1815 benignus
825 1772 848 1806 ‚
872 1715 1235 1815 improbis
1255 1718 1670 1795 rectoribus
1697 1720 2210 1817 magistratum

169 1834 517 1926 credere,
561 1859 739 1913 cum
779 1835 935 1931 jam
958 1834 1395 1927 didicisset,
1438 1862 1672 1945 reque
1711 1836 2172 1935 cognovisset
2191 1886 2214 1923 ,

166 1948 393 2049 quod

301 2142 681 2227 Cappadoces
702 2146 847 2206 mali
874 2145 1118 2227 quidem
1136 2164 1409 2229 semper3
1430 2146 1676 2230 cingulo
1697 2156 1896 2209 autem
1915 2146 2096 2231 potiti

431 2240 886 2320 Pejore831ucri
910 2252 1111 2303 autem
1136 2250 1316 2304 causa
1340 2243 1582 2325 pessimi
1608 2264 1628 2305 z

301 2340 371 2399 si
394 2360 541 2401 vero
561 2340 655 2401 bis
676 2352 736 2401 et
756 2348 852 2403 ter
872 2333 1163 2424 magnum¹
1176 2344 1424 2425 tetigere
1450 2362 1700 2404 currum
1715 2387 1735 2419 ,

432 2438 667 2519 Utique
684 2449 820 2501 tum
841 2440 911 2501 in
932 2440 1111 2501 horas
1132 2442 1389 2523 pejores.

190 2638 315 2708 Sic
362 2638 597 2733 igitur
617 2690 639 2726 ‚
674 2638 792 2710 uti
836 2635 1143 2743 praedixi
1164 2688 1187 2726 ,
1234 2652 1676 2736 potestatem
1725 2638 2040 2739 adeptus
2091 2640 2225 2711 im-

191 2752 485 2852 probus
496 2751 891 2851 Cappadox
904 2752 1413 2852 ‚publicarum
1432 2753 1940 2857 calamitatuni
1961 2766 2229 2827 auctor

196 2858 449 2943 extitit
481 2896 497 2937 τ
527 2870 867 2967 primum
897 2868 1212 2943 vincula
1243 2894 1326 2943 ac
1358 2869 1656 2973 pedicas
1695 2894 2112 2968 nervosque
2151 2884 2226 2943 et

194 3002 495 3059 catenas
519 2982 939 3093 proferens,
958 2986 1165 3064 intus
1192 2989 1273 3064 in
1296 2988 1636 3085 praitoria
1661 2985 1830 3071 aula
1856 2987 2223 3086 privatam

198 3107 283 3177 in
308 3102 637 3177 tenebris
662 3101 1073 3179 custodiam
1097 3104 1345 3201 poenis
1366 3102 1882 3201 adparitorum
1911 3127 2226 3187 suornm

202 3220 675 3293 constituens
695 3272 719 3308 ,
780 3217 1107 3297 Phalaris
1164 3219 1399 3291 veluti
1456 3220 1808 3317 ignavus,
1867 3234 1942 3291 et
2003 3218 2231 3299 servis

203 3354 507 3412 tantum
570 3335 1017 3409 fortissimus
1042 3392 1063 3429 ,
1124 3337 1385 3436 ibique
1440 3340 1732 3411 vinctos
1793 3336 2188 3409 includens
2211 3378 2232 3414 a

212 3574 583 3655 Ansslologia
599 3582 793 3635 exstat
806 3618 823 3651 ,
858 3572 1140 3634 videlicet
1160 3576 1221 3639 δὴ
1238 3578 1361 3635 τότε
1378 3582 1646 3653 γίγνονται
1661 3578 2229 3656 φαυλητεφαυλότατοιτ

214 3677 323 3736 illa
344 3674 509 3735 enim
532 3692 881 3753 nunquam,
914 3674 1135 3753 opinor
1148 3718 1165 3747 ,
1210 3682 1315 3733 aut
1336 3674 1686 3755 corrigendo
1717 3683 1822 3734 aut
1851 3674 2231 3753 depravando
2265 3662 2298 3703 χ

215 3795 295 3839 ex
314 3774 413 3835 his
434 3780 573 3834 nata
599 3780 827 3845 essent3
859 3779 1069 3831 contra
1087 3770 1213 3830 haec
1242 3790 1357 3851 pro
1388 3772 1537 3844 iuis,
1568 3772 1690 3849 jam
1717 3771 2016 3851 corruptis
2037 3814 2056 3843 ,
2085 3772 2232 3835 sub-

216 3870 429 3943 stituta
448 3888 569 3929 esse
584 3912 605 3943 ,
626 3866 779 3927 mihi
798 3866 1043 3947 quidem
1060 3866 1386 3939 admodum
1410 3888 1556 3937 vero
1573 3866 1774 3932 simile
1790 3868 2052 3935 videtur.

300 3966 375 4059 s)
410 3964 559 4038 coa..
580 3964 895 4045 πεδοκῴιας,
