3050 5017
727 489 846 540 nn
895 487 1262 542 manna
1315 487 1595 538 mmo.
2016 457 2187 554 lxiij

152 642 350 714 Cum
377 647 630 712 autem
646 634 742 710 ad
767 635 1192 732 Bosporum
1215 635 1296 706 in
1321 632 1765 706 suburbano
1791 623 2041 702 Graeci
2062 653 2191 702 cu-

149 771 448 871 jusdam
489 771 797 844 litterati
829 795 932 842 ex
963 766 1442 842 Constantini
1479 765 1781 840 Morusi
1822 762 2195 860 principis

157 906 522 984 affinitate
535 905 772 980 libros
792 902 1162 1002 quosdam
1187 915 1482 978 veteres
1503 911 1989 999 pertractaret
2005 953 2028 992 ‚
2078 899 2197 970 in⁴

157 1041 382 1116 venit
413 1065 588 1114 cum
619 1039 808 1112 alios
841 1039 1208 1136 pretiosos
1233 1093 1252 1126 ,
1301 1049 1465 1112 tum
1493 1037 1577 1110 in
1604 1036 1870 1134 primis
1910 1055 2190 1124 unum,

159 1172 368 1271 Lydi
407 1199 636 1271 opera
657 1171 750 1246 de
776 1171 1114 1246 Ostentis
1137 1169 1384 1268 deque
1419 1168 1985 1266 Magistratibus
2018 1190 2196 1240 con-

163 1311 553 1384 tinentem.
625 1309 705 1380 H
714 1333 864 1382 unc
915 1305 1168 1380 statim
1224 1305 1737 1381 illustrissimo
1799 1302 2041 1400 legato
2104 1298 2199 1372 de

160 1441 530 1516 choiseul
576 1439 858 1514 indicat
906 1466 922 1512 ε
967 1441 1101 1536 qui
1155 1465 1334 1515 cum
1388 1437 1881 1538 significasset
1901 1489 1923 1530 ,
1994 1459 2073 1508 se
2116 1433 2205 1508 in
2258 1429 2269 1452 '

163 1573 542 1648 desiderio
569 1599 730 1648 esse
755 1575 916 1671 ejus
941 1572 1257 1669 codicis,
1293 1599 1472 1648 eum
1493 1570 1727 1672 paulo
1750 1577 1927 1667 post
1946 1592 1991 1640 a
2006 1567 2207 1640 Con-

165 1707 500 1780 stantino
521 1707 820 1780 Morusi
851 1706 1192 1804 principe
1220 1706 1424 1786 dono
1455 1705 1761 1802 accepit.
1788 1703 1975 1776 Erat
1997 1699 2205 1774 euim

169 1844 234 1914 is
263 1840 812 1914 Constantinus
835 1842 970 1916 Bei
1009 1843 1312 1918 Morusi
1344 1853 1512 1916 tum
1540 1841 1703 1938 ipse
1722 1848 1945 1912 acuto
1978 1847 2207 1910 et-su-

171 1978 394 2050 baclo
423 1975 764 2074 ingenio,
799 1990 962 2052 tum
985 1975 1350 2052 adversus
1372 1979 1759 2052 litteratos·
1768 1971 2024 2078 studio
2048 1971 2211 2046 sin·-

173 2109 421 2208 gulari
467 2139 488 2189 2
545 2135 874 2208 cumque
923 2110 1156 2208 paulo
1194 2123 1368 2186 ante
1416 2111 1871 2186 Valachiam
1905 2129 2213 2180 summo

175 2269 353 2318 cum
407 2245 728 2342 imperio
769 2244 1358 2320 administrasset
1391 2301 1416 2341 ,
1468 2253 1659 2320 tu‘nc
1696 2244 1781 2318 in
1820 2241 2067 2318 hortis
2110 2235 2212 2314 ad.

175 2381 608 2477 Bosporum
632 2380 1197 2474 amoenissimis,
1227 2379 1466 2478 inque
1493 2378 1811 2454 mirifica
1833 2376 2215 2451 librorum

178 2539 500 2590 suorum
537 2514 1029 2603 bibliotheca,
1061 2512 1415 2590 felicitate
1441 2515 1677 2614 magis
1698 2512 1947 2589 stabili
1980 2515 2215 2610 quam

181 2675 524 2747 unquam
574 2659 792 2724 antea
855 2647 1265 2723 fruebatur.
1335 2651 1454 2724 Its
1510 2650 1655 2724 hos
1710 2648 2219 2746 amplissimos

183 2785 430 2878 viros,
459 2809 652 2882 quos
678 2786 828 2874 jam
855 2751 1274 2860 sociaverat:
1303 2783 1735 2861 studiorum
1758 2780 2213 2876 similitudo,

183 2929 350 2993 tum
379 2919 618 3016 magis
637 2919 864 2992 etiam
893 2919 1293 3016 conjunxit
1318 2919 1521 3020 Lydi
1554 2919 1775 3014 liber,
1802 2917 2009 2992 dono
2040 2917 2219 2990 mis-

183 3077 312 3130 sus
333 3063 413 3127 et
431 3064 782 3152 acceptus
808 3079 824 3123 ε
845 3053 1490 3150 quemadmodum
1509 3055 1839 3152 antiquis
1861 3052 2217 3151 tempori·

191 3191 370 3284 bus,
417 3188 511 3261 ad
537 3213 708 3286 quae
736 3212 932 3284 saepe
959 3188 1302 3262 animum
1335 3169 1450 3264 ini
1495 3189 1921 3264 referebant
1950 3213 2218 3281 suum.

187 3323 432 3396 claros
461 3321 812 3396 homines
836 3319 1157 3418 legimus
1191 3324 1444 3398 xeniis
1481 3323 1685 3399 ultro
1712 3325 2055 3424 citroque
2085 3321 2220 3397 da·

191 3457 282 3529 tis
309 3455 722 3565 amicitiam
767 3453 1271 3531 confinuasse.

291 3726 609 3806 XXIX.
667 3727 1130 3826 Quanquam
1159 3751 1262 3802 ne
1291 3729 1404 3801 sic
1433 3727 1743 3826 quidem
1775 3731 2043 3830 Lydus
2084 3743 2223 3808 stae»

2334 3723 2520 3766 1111.

2288 3811 2442 3864 Qum
2462 3821 2560 3852 nou

199 3868 336 3940 tim
363 3865 612 3941 lucem
641 3863 934 3962 aspexit
971 3888 988 3934 :
1025 3861 1233 3958 quod
1259 3865 1342 3938 in
1379 3875 1779 3940 consecuta
1798 3868 2011 3966 regni
2036 3869 2226 3942 Gal«-
2307 3881 2457 3927 mtim
2478 3883 2543 3926 sit

2275 3954 2445 4014 publici
2458 3958 2571 4013 jum

189 4001 327 4078 {ici
351 4002 748 4076 eversione
770 4000 1177 4099 subitoque
1205 4023 1420 4096 casu,
1455 4024 1615 4098 quo
1638 4001 1949 4099 Europa
1975 4007 2223 4080 omnis
2350 4025 2509 4078 εωιιιι.
