3050 5017
727 455 844 509 nn
905 452 1268 510 sonum
1327 451 1600 506 mmo.
1914 433 2185 510 xxxix

136 599 488 678 codicem
515 599 968 679 offendisse?
1007 599 1424 700 praesertim
1465 623 1645 675 eum
1666 594 1877 673 haud
1902 601 2135 678 seiam
2156 659 2181 700 ,

137 761 238 810 an
265 761 596 834 usquam
631 735 819 815 alibi
851 735 1083 829 hujus
1109 735 1487 834 Epitomae
1517 731 1889 830 Lydianae
1930 759 2185 812 exem-

133 867 306 966 plar
333 925 360 964 ‚
410 867 617 944 unde
651 894 886 944 suum
918 875 1250 944 sumeret
1292 922 1315 963 ,
1381 853 1827 942 invenisset.
1874 867 2184 948 Etenim

133 1000 354 1098 qnod
375 1000 605 1079 tradit
629 1003 758 1078 vir
767 1026 1114 1077 summus
1135 997 1508 1076 Nicolaus
1525 998 1818 1104 Schow
1842 1000 1929 1076 in
1954 1004 2186 1102 speci-

136 1133 356 1208 mine
387 1136 638 1234 operis
663 1139 812 1234 Περὶ
840 1144 1036 1230 μηνῶν
1052 1191 1077 1231 ,
1115 1133 1551 1209 Bibliothek
1604 1137 1743 1207 der
1787 1137 1993 1208 alten
2014 1137 2183 1210 Lit-

136 1281 438 1343 teratur
456 1273 617 1344 und
631 1271 722 1342 K
722 1282 924 1360 unet,
946 1268 1541 1368 herausgegeben
1564 1293 1711 1344 von
1734 1271 1821 1342 T.
1842 1270 1921 1342 C.
1940 1271 2183 1363 Tych-

139 1429 278 1479 sen
301 1409 466 1478 und
483 1406 589 1484 A.
619 1407 722 1481 H
719 1454 740 1475 .
762 1406 863 1479 L.
899 1406 1214 1480 Heeren
1227 1459 1260 1494 ,
1311 1402 1601 1478 Fascio.
1624 1423 1769 1478 vn.
1792 1403 2184 1504 Gottingae

139 1561 371 1638 1790.
398 1539 472 1612 8.
501 1539 706 1614 inter
735 1540 1043 1612 Inedita
1075 1561 1238 1638 pag.
1277 1561 1399 1612 22.
1443 1546 1518 1611 et
1564 1561 1667 1612 ex
1718 1536 1871 1644 illo·
1904 1537 2185 1614 Harle-

135 1671 302 1746 sius
327 1671 700 1748 Biblioth.
733 1697 954 1772 graec.
991 1671 1181 1750 Vol.
1205 1671 1358 1744 IV.
1393 1695 1560 1770 pag.
1597 1669 1737 1770 157
1776 1670 1978 1771 lin.7
2018 1699 2035 1745 :
2074 1698 2180 1750 ex

137 1796 291 1878 Ms.
325 1805 579 1904 Regio
624 1804 1034 1881 Parisiensi
1091 1804 1498 1888 inseruisse
1550 1805 2049 1882 Lambecium
2090 1808 2181 1884 in

136 1935 882 2013 Animadversiones
918 1936 1014 2011 ad
1045 1937 1430 2014 Codinum
1450 1937 1621 2016 loca
1648 1937 1783 2016 illa
1823 1967 1841 2017 τ
1882 1943 2017 2039 qui
2049 1967 2182 2041 po-

137 2069 292 2143 tuit
335 2095 404 2143 a.
453 2067 642 2144 1655
675 2068 970 2168 ?-quod
1003 2095 1110 2160 eo,
1152 2081 1491 2169 tempore
1542 2071 1807 2146 nullus
1860 2075 2180 2150 omnino

137 2212 301 2278 erat
311 2203 610 2301 Regius
625 2200 892 2278 Codex
904 2259 929 2298 ‚
950 2203 1087 2302 qui
1113 2203 1537 2278 contineret
1549 2203 1713 2280 haee
1728 2201 2175 2303 fragmenta:

134 2363 322 2412 nam
363 2337 767 2436 Bigotinus
812 2335 970 2411 No.
1027 2337 1226 2412 5084
1256 2362 1487 2436 quem
1517 2336 1735 2436 dixi,
1784 2337 2041 2414 illatus
2089 2341 2178 2416 in

135 2469 708 2548 Bibliothecam
733 2471 1049 2570 Regiam
1075 2496 1139 2544 a.
1173 2468 1364 2564 1706
1389 2481 1504 2544 est
1538 2525 1559 2564 ,
1617 2495 1781 2546 una
1798 2497 1977 2548 cum
2005 2473 2176 2548 aliis

140 2605 365 2682 codd.
408 2607 740 2705 amplius
783 2628 936 2678 cm,
974 2603 1310 2700 ejusdem
1369 2604 1683 2700 originis
1735 2631 1752 2676 ε
1797 2599 1952 2679 vid.
1996 2609 2176 2680 Μέ-

137 2744 376 2814 moire
399 2741 814 2838 histor-ique
858 2764 997 2812 sur
1023 2740 1104 2811 la
1132 2737 1664 2833 Bibliotkeque
1692 2739 1799 2809 du
1830 2739 1982 2812 Roi
2008 2793 2038 2829 ,
2088 2739 2177 2815 in

143 2875 561 2974 Catalogue
589 2879 721 2949 des
748 2876 978 2949 liores
1011 2875 1385 2964 imprimes
1407 2873 1511 2964 de·
1535 2871 1615 2942 la
1644 2845 2189 2967 Bibliotke'que

139 3013 244 3084 du
281 3013 452 3084 Roi.
493 3011 883 3085 Premiere
898 3010 1170 3106 partie.
1193 3006 1280 3080 A
1303 3005 1543 3080 Paris
1560 3057 1592 3094 ,
1628 3007 1722 3074 de
1746 3005 2174 3100 l'imprime-

137 3147 251 3218 rie
269 3145 600 3243 Royale.
642 3143 813 3218 Fol.
841 3165 1002 3239 pag.
1033 3139 1206 3214 xlv.
1242 3137 1506 3210 multis
1554 3135 1773 3208 annis
1812 3146 1984 3232 post
2017 3137 2171 3210 edi-

135 3287 320 3350 tum
343 3275 748 3352 Codinum.
782 3273 890 3363 5.)
913 3273 996 3346 in
1023 3269 1446 3366 exemplari
1473 3267 1683 3364 quod
1709 3293 1809 3340 ex
1838 3269 2171 3345 literario

137 3407 656 3482 insttumento
689 3406 956 3482 Allatii
986 3404 1479 3499 descripserat
1520 3399 1615 3472 cl.
1656 3399 1883 3474 abbas
1929 3402 2173 3476 Mari-

141 3542 324 3618 nius
351 3597 376 3638 ‚
433 3541 788 3638 interque
833 3538 1146 3612 schedas
1199 3561 1376 3610 suas
1426 3560 1491 3606 a.
1540 3533 1735 3634 1789
1794 3535 2171 3610 servabat.

139 3677 508 3754 Advertit
513 3681 848 3773 primum
876 3677 982 3745 ad
1005 3673 1204 3743 hunc
1235 3671 1571 3764 Lydum,
1616 3667 1721 3738 ait
1746 3666 1873 3740 vir
1898 3665 1988 3740 cl.
2028 3667 2112 3739 N
2112 3669 2172 3742 i-

147 3806 408 3882 colaus
441 3805 728 3882 Schow
757 3807 930 3880 loco
960 3807 1083 3878 cit.
1112 3802 1546 3904 Bq‘bliotlzek
1582 3803 1719 3871 der
1748 3801 1950 3871 alten
1990 3803 2169 3874 Lit-

141 3952 438 4018 teracur
489 3953 629 4016 ete.
681 3965 844 4040 pag.
873 3941 992 4016 25.
1035 3943 1370 4016 animum
1393 3961 1639 4012 meum
1670 3935 2051 4034 exemplar
2078 3960 2171 4010 ex
