3050 5017
865 420 1034 518 lviij
1489 449 2266 503 couMuNTAmus

865 612 986 661 res
1012 587 1338 666 librariae
1368 588 1642 668 licebat
1669 649 1691 689 ‚
1724 619 1895 670 suas
1918 592 2229 691 quidem
2254 605 2500 693 partes
2528 594 2854 691 praeclare

861 734 1108 820 ageret
1137 778 1156 815 ‚
1181 735 1429 799 tamen
1469 724 1713 823 (sicut
1742 728 2259 817 ostendimus)
2294 730 2857 803 commentarius

858 869 932 931 et
964 868 1200 952 notae,
1267 860 1704 935 necessariae
1746 862 1898 938 illae
1944 863 2251 962 quidem
2296 874 2607 961 propter
2650 862 2852 936 ratio-

853 1016 1030 1065 nem
1081 992 1654 1089 Epitomarum,
1718 997 2033 1070 omnino
2079 996 2373 1071 desunt.
2428 996 2625 1088 Quae
2670 998 2853 1071 enim

851 1122 1122 1223 Lydus
1148 1150 1249 1198 ex
1273 1135 1384 1198 tot
1405 1124 1731 1201 diversis
1758 1128 2291 1207 voluminibus
2308 1129 2509 1203 eruit
2526 1185 2548 1223 ,
2580 1155 2668 1203 ca
2700 1154 2859 1219 cum⁸

855 1286 898 1333 a
953 1259 1281 1333 librariis
1349 1270 1514 1333 tuin
1558 1286 1600 1333 a
1654 1257 2213 1338 breviatoribus
2270 1261 2535 1338 multis
2586 1262 2860 1337 mendis

858 1374 1245 1469 adeo'sunt
1279 1392 1589 1483 foedata,
1644 1406 1729 1469 ut
1751 1407 2051 1472 textum
2074 1424 2161 1473 ea
2196 1396 2633 1474 conditione
2654 1454 2677 1490 ‚
2714 1424 2861 1493 qua

857 1548 1070 1603 nunc
1137 1542 1289 1624 est,
1369 1528 1789 1627 perlegere,
1838 1532 2287 1631 singulaque
2329 1534 2414 1605 in
2464 1556 2559 1605 eo
2600 1530 2865 1606 intelli-

857 1688 1028 1759 gere
1059 1715 1079 1756 ,
1131 1688 1358 1737 nemo
1381 1687 1560 1735 sane
1592 1660 1811 1736 facile
1840 1666 2093 1761 possit.-

748 1973 758 1983 ·
858 1984 869 1995 .
951 1924 1312 2007 XXVII.
1349 1930 1595 2003 Velut
1631 1935 1768 2021 (ut
1804 1954 1961 2003 uno
2008 1926 2198 2005 solio
2246 1946 2529 2007 temere
2576 1945 2861 2031 arrepto

669 2044 797 2159 ‘⁰2⁰⁸
853 2067 1414 2141 demonstretur
1444 2060 1653 2162 quod
1685 2062 2011 2139 dicimus
2040 2071 2067 2152 )
2114 2064 2289 2140 edit.
2324 2064 2634 2141 Schow.
2667 2067 2859 2142 Part.

636 2203 680 2229 ¹¹¹
709 2190 822 2279 'fj‘u‘
851 2228 940 2277 ιν
965 2230 1202 2276 mens.
1244 2202 1555 2275 Octobr.
1584 2224 1741 2295 cap.
1766 2218 1795 2271 1
1821 2224 1981 2297 pag.
2022 2190 2322 2275 1241111.
2356 2200 2401 2273 8
2430 2224 2591 2297 sqq.
2620 2198 2859 2300 legun-

855 2352 980 2411 tur
1003 2336 1209 2409 haec:
1245 2323 1330 2405 Eu
1369 2344 1452 2428 τῷ
1477 2317 1838 2429 Boario
1866 2336 2025 2424 (οἷον
2050 2338 2209 2431 ἐντῷ
2238 2338 2577 2431 ὀψοπωλίῳ)
2598 2342 2677 2417 εἰς
2712 2346 2861 2431 τιμὴν

850 2474 1120 2565 Τιὸερίου
1163 2472 1217 2536 οἱ
1271 2470 1670 2563 σεδαςοφόροι
1718 2469 2015 2565 ἐχόρευον·
2064 2473 2163 2541 τὸν
2208 2468 2273 2539 δὲ
2304 2480 2567 2553 τοιοῦτον
2600 2480 2781 2545 τόπον
2816 2474 2863 2541 οἱ

851 2607 1072 2675 ἰδιῶται
1105 2604 1445 2697 Αὑγούςιον
1485 2604 1512 2688 (
1538 2598 1582 2671 Ι.
1600 2595 2017 2697 Αὐγουςτῖον)
2060 2607 2362 2673 καλοῦσιν.
2386 2600 2533 2675 Sed
2556 2604 2645 2679 in
2670 2607 2862 2681 notis

852 2738 946 2813 ad
973 2734 1241 2811 Codin.
1261 2732 1432 2807 edit.
1453 2736 1641 2831 Reg.
1664 2759 1830 2833 pag.
1861 2736 2027 2809 155.
2055 2738 2209 2834 jam
2235 2737 2541 2812 extabat
2561 2738 2627 2812 is
2660 2740 2863 2816 locus

850 2900 894 2945 a
921 2867 1328 2944 Lambecio
1361 2868 1745 2965 prolatus:
1793 2870 2055 2965 ibique
2089 2882 2290 2944 recte
2314 2870 2625 2968 legitur,
2674 2866 2763 2949 Eu
2790 2887 2867 2970 τῷ

851 2988 1300 3099 ΓΟΥΣΤΕῘῼ·
1333 3000 1545 3100 quod
1566 3001 1961 3077 confirmat
1984 3026 2159 3077 cum
2183 3002 2347 3099 ipse
2364 3000 2705 3083 eodinus
2730 3010 2869 3109 Ly·

848 3138 1038 3213 dum
1079 3136 1516 3211 exscribens
1550 3159 1710 3233 pag.
1753 3135 1869 3212 16.
1902 3158 1947 3209 c
1975 3163 1991 3210 :
2023 3143 2114 3232 Τῇ
2136 3140 2367 3230 πέμπτῃ
2391 3148 2501 3209 τοῦ
2528 3130 2864 3245 anaspia»

843 3278 1031 3368 ,μηνὸς
1061 3276 1333 3369 ἐχόρευον
1355 3272 1408 3339 οἱ
1431 3273 1806 3368 ῥεγεονάρχαι
1832 3274 1918 3364 [l.
1945 3271 2343 3371 ῥεγεωνοὶρχ.]
2372 3273 2433 3341 ἐν
2451 3284 2535 3370 τῷ
2560 3280 2837 3378 Fonteii?
2850 3331 2869 3369 ,

845 3420 1026 3503 ἤγουν
1047 3420 1130 3503 τῷ
1151 3410 1488 3498 ὀψοπωλίῳ,
1508 3409 1587 3481 εἰς
1614 3413 1779 3497 τιμὴν
1800 3420 1907 3479 τοῦ
1926 3412 2338 3499 βασιλεύοντος
2358 3416 2509 3481 κατὰ
2528 3418 2629 3484 τὸν
2646 3425 2869 3515 καιρόν·

849 3556 1012 3619 tum
1043 3541 1312 3617 Suidas
1350 3539 1529 3612 edit.
1559 3538 1865 3616 Kuster.
1894 3544 2116 3619 Tom.
2149 3541 2191 3616 1
2215 3566 2380 3641 pag.
2408 3544 2577 3647 577.
2612 3556 2757 3629 sub
2785 3581 2861 3630 v.

844 3686 1186 3772 Αὕγουςος.
1197 3678 1806 3749 Gustiamautem
1817 3678 1979 3753 sive
1991 3676 2281 3754 Forum
2296 3684 2526 3760 cibari
2536 3712 2665 3764 um
2679 3688 2865 3789 quid

845 3810 1074 3885 fuerit
1097 3812 1539 3909 Ducangius
1568 3808 1787 3884 docet
1818 3812 2481 3917 Constantinopoli
2498 3822 2864 3899 Christia-

847 3972 968 4022 na·
999 3950 1266 4027 Statim
1299 3963 1498 4051 post,
1521 3948 1657 4024 lin.
1691 3950 1781 4023 18
1814 3956 2003 4051 :ssepi
2025 3966 2129 4029 τοῦ
2156 3958 2387 4055 &nuptos
2406 3966 2585 4032 ἵππου
2616 3964 2865 4056 &Espe-
