3050 5017
419 437 992 496 ΒΕῘΡἩΒΙΛΟΔΕ
1040 440 1467 493 Romanu:
1490 446 2133 498 L13.11.111

196 573 319 626 to.
358 553 499 628 Sed
520 557 727 628 enim
753 556 1063 628 initium
1090 579 1564 654 quaeeunque
1581 559 1878 648 sortita,
1903 521 2138 630 finem

76 666 423 759 habent,
478 686 567 744 ut
596 673 702 743 ait
706 685 970 770 poeta.
1012 674 1499 769 Posteaquam
1537 677 1742 746 enim
1782 675 2142 748 Constan-

78 789 315 860 tinus
362 813 537 862 cum
586 786 895 862 fortuna
942 793 1253 862 Romam
1300 789 1658 888 reliquit,
1715 809 1944 890 atque
1980 817 2138 867 om

82 929 271 996 nesi,
306 930 471 1002 quae
501 909 779 978 Istrum
818 904 1326 978 custodierant
1370 909 1642 1006 copiae,
1679 907 1978 982 decreto
1999 911 2138 980 im-

82 1024 467 1120 peratoris
499 1047 637 1122 per
662 1024 909 1096 Asiam
942 1019 1373 1096 inferiorem
1402 1048 1667 1122 sparsae
1701 1041 1884 1098 sunt
1917 1053 1932 1096 :
1967 1032 2140 1118 Scy-

80 1139 339 1210 thiam
378 1143 846 1238 Mysiamque
892 1153 967 1212 et
1010 1139 1313 1215 illarum
1350 1143 1738 1242 vectigalia
1789 1145 2136 1216 aerarium

82 1257 389 1346 amisit,
443 1256 774 1329 barbaris
797 1313 817 1349 ‚
880 1259 1016 1356 qui
1072 1257 1270 1329 ultra
1327 1261 1603 1330 Istrum
1654 1257 2094 1332 habitabant
2116 1313 2138 1350 ,

82 1379 477 1472 Europam
516 1428 536 1465 ,
612 1376 917 1448 nemine
992 1377 1381 1448 resistente
1412 1429 1433 1467 ,
1516 1375 2082 1450 incursantibus
2117 1404 2135 1448 ε
2233 1361 2236 1364 ’

82 1493 429 1564 Orientis
440 1507 695 1565 autem
716 1492 1055 1594 populiS‚
1079 1509 1339 1567 contra
1362 1496 1778 1592 pristinum
1803 1520 2092 1570 morem
2111 1545 2135 1586 ,

87 1608 407 1682 tributis
438 1610 645 1684 haud
676 1611 1181 1692 mediocribus
1210 1613 1540 1700 oneratis
1556 1667 1576 1702 ,
1615 1636 1908 1684 neeesse
1942 1610 2092 1686 fuit
2109 1667 2134 1704 ,

86 1723 531 1826 praefectum
565 1731 916 1828 praetorio
946 1729 1131 1804 aulae
1164 1744 1239 1802 et
1275 1731 1550 1828 copih,
1593 1730 1962 1828 (quarum
2005 1729 2132 1802 illa

90 1844 453 1942 magistro
478 1897 501 1933 ‚
529 1870 759 1945 quem
790 1861 1101 1936 vocant,
1148 1845 1262 1918 hae
1296 1847 1632 1946 strategis
1655 1872 1904 1947 nuper
1937 1869 2132 1920 crea-

88 1963 189 2034 tis
225 1949 605 2061 traditae‚)
640 1989 799 2036 non
828 1963 1159 2064 amplius
1191 1989 1499 2065 praeesse
1520 2018 1542 2054 ‚
1563 1965 1715 2046 -sed
1748 1967 2136 2038 Orientem

92 2107 277 2154 cum
324 2084 495 2156 Asia
534 2080 875 2156 inferiori
927 2139 975 2175 ‚.
1012 2099 1089 2156 et
1131 2109 1298 2182 quae
1342 2084 1437 2157 ad
1488 2107 1650 2158 eam
1703 2085 2091 2182 pertinent
2114 2139 2136 2173 ‚
2189 2071 2196 2077 ⁵

90 2199 623 2274 administrare
641 2253 662 2289 ‚
688 2225 773 2272 ac
798 2197 1233 2300 praefectum
1261 2202 1592 2274 Orientis
1627 2203 1710 2272 in
1747 2214 2136 2300 posterum

91 2314 479 2416 adpellari.
510 2321 770 2415 Neque
796 2342 973 2390 vero
1013 2319 1273 2388 minus
1311 2329 1644 2416 potestas,
1662 2319 2140 2416 magistratus

92 2433 498 2508 dilacerata
512 2449 622 2508 est
652 2435 754 2508 ad
791 2433 1130 2523 Arcadii,
1171 2435 1406 2532 patris
1430 2431 1828 2506 Theodosii
1866 2434 2126 2529 junio-

94 2553 245 2640 ris,
290 2567 667 2650 tempora3
712 2550 859 2624 sub
898 2575 1056 2650 quo
1092 2549 1421 2624 Rufinus
1458 2552 1912 2649 cognomine
1943 2553 2140 2622 insa-

96 2669 405 2760 tiabilis,
424 2695 583 2768 quo
603 2645 949 2770 praefecto
964 2670 1295 2768 praetorii
1310 2666 1437 2740 ille
1472 2667 1864 2757 utebatur3
1886 2680 2136 2757 tyran-

96 2785 361 2858 nidem
385 2785 821 2878 meditatus,
846 2811 889 2858 a
914 2784 1654 2886 proposito.quidem
1682 2837 1702 2873 ‚
1755 2783 1962 2856 bono
1995 2783 2138 2852 rei-

94 2901 457 3004 publicae,
492 2890 897 2994 aberravit,
946 2905 1029 2974 in
1054 2901 1511 2976 barathrum
1563 2925 1740 2985 veno
1767 2901 2136 2997 magistra-

94 3037 269 3093 tum
332 3023 843 3122 praecipitavit.
906 3025 1246 3118 Namque
1298 3021 1708 3117 imperator
1763 3019 2138 3090 continuo

92 3139 517 3238 potentiam
556 3139 651 3212 ab
697 3139 927 3212 armis
982 3136 1451 3234 magistratui
1486 3135 1796 3222 adimit5
1859 3133 2136 3205 deinde

92 3254 597 3344 fabricarum,
654 3254 735 3328 id
784 3269 942 3345 est,
999 3246 1385 3324 armorum
1438 3229 2134 3338 conficiendorum,

92 3399 239 3446 nec
274 3399 439 3448 non
492 3399 761 3449 cursus
807 3308 1100 3475 publici
1152 3393 1455 3460 curam,
1510 3382 1588 3440 et
1637 3381 1914 3440 ceteras
1973 3391 2128 3440 om-

94 3517 233 3566 nes
260 3547 285 3582 ,
332 3516 379 3564 e
431 3491 715 3591 quibus
760 3490 1277 3592 magisterium
1320 3485 1530 3585 quod
1587 3499 1857 3558 vocant
1878 3542 1902 3578 ,
1959 3509 2136 3557 con-

97 3610 369 3684 flatum
406 3625 534 3686 est.
570 3615 763 3684 Cum
793 3624 1047 3683 autem
1086 3605 1662 3680 incommodum
1699 3619 1926 3694 esset,
1952 3627 2133 3702 prae-

98 3725 385 3800 fectum
437 3729 787 3827 praetorio
848 3749 1083 3826 equos
1144 3722 1491 3823 publicos
1557 3723 1803 3820 iisque
1859 3741 2136 3818 praepo-

104 3846 285 3917 sitos
312 3845 399 3918 in
446 3845 857 3944 provinciis
920 3855 1331 3916 sustentare
1357 3896 1377 3932 ‚
1417 3839 1739 3910 aliorum
1777 3861 1952 3911 vero
1987 3833 2134 3908 sub

104 3975 472 4062 potestate
492 3985 617 4036 eos
634 3959 1431 4058 adminisuationeque
1453 3979 1606 4031 esse
1623 3983 1636 4027 :
1651 3953 1778 4028 lex
1801 3951 1970 4029 data
1992 3966 2100 4028 est
2109 4005 2148 4062 ²..
