3050 5017
443 430 991 480 nslrunmcu
1040 429 1441 478 nonnus
1490 428 1648 477 mr.
1697 430 1824 478 111.
2005 406 2152 507 267

70 549 382 613 terunt
401 594 424 631 ,
464 567 625 616 non
656 545 845 617 mari
870 543 1147 642 piscem
1168 597 1189 633 ‚
1240 567 1401 615 non
1441 542 1834 616 montibus
1861 540 2156 616 silvisve

76 677 333 727 avem
372 659 861 736 concedentes
874 712 897 749 ,
945 674 1105 733 toto
1137 657 1447 731 Phaside
1484 657 1732 757 epulis
1759 656 1965 729 haud
2003 656 2156 731 suf·

78 767 427 847 ficiente
472 802 493 845 :
544 790 633 849 ut
680 774 1019 874 refugere
1060 777 1394 875 pectines
1421 828 1444 865 ,
1510 798 1672 849 non
1731 774 2055 848 naturali
2114 799 2158 845 e

78 882 277 960 loco
320 890 407 961 in
456 890 713 965 locum
756 891 1043 967 volatui
1092 916 1247 967 sese
1296 889 1764 965 confidentes
1783 942 1806 979 ,
1855 889 1985 965 sed
2020 912 2180 989 per·

80 1026 411 1098 aerem,
437 1010 741 1083 osu-aeis
768 1009 1003 1083 veluti
1032 1008 1171 1082 alis
1196 1023 1528 1101 utentes,
1569 1010 1842 1082 evitare
1875 1010 2158 1105 Cappa·

81 1122 403 1198 docum
433 1130 907 1201 voracitatem
942 1128 1401 1202 viderentur.
1492 1142 1499 1163 ¹
1541 1210 1548 1219 ,

197 1239 343 1315 63.
396 1244 621 1335 Quod
656 1268 831 1318 vero
873 1246 1323 1344 acipenseris
1372 1244 1600 1345 piscis
1641 1240 1832 1317 forte
1869 1241 2158 1316 mentio

88 1356 439 1448 incidit,
470 1358 567 1431 de
594 1384 687 1433 eo
719 1360 913 1433 mihi
951 1362 1249 1459 cognita
1287 1383 1734 1460 proponam.
1786 1359 2012 1431 Piscis
2047 1372 2160 1433 est

86 1474 421 1569 mollis,
474 1475 941 1577 pellucidus3
1004 1492 1094 1551 ut
1141 1480 1357 1577 quasi
1394 1476 1654 1575 glaciei
1701 1490 1776 1547 et
1809 1473 2160 1565 crystallo

86 1592 447 1665 similem
466 1647 491 1684 ,
540 1618 789 1693 neq-ue
816 1594 1123 1667 densam
1154 1609 1230 1667 et
1267 1617 1660 1667 nervosam
1701 1612 2000 1663 carnem
2036 1590 2160 1663 ha-

90 1704 289 1779 bere
329 1708 676 1782 videatur
710 1738 731 1783 z
766 1710 1377 1811 vifiparus‚idem
1404 1763 1427 1800 ,
1476 1725 1556 1783 et
1593 1706 2158 1808 quodammodo

90 1825 481 1898 ruminat.
528 1826 729 1903 Solet
776 1841 1030 1899 autem
1080 1826 1425 1903 felicibus
1470 1826 1656 1903 locis
1692 1817 2154 1899 immorari:

94 1944 331 2017 unde
366 1969 545 2018 cum
585 1946 791 2021 tibiis
824 1948 1339 2048 cymbalisque
1372 1948 1582 2048 apud
1617 1953 1994 2021 Romanos
2031 1943 2158 2019 ad·

93 2062 549 2157 ponebatur
570 2118 591 2155 ,
650 2079 739 2137 ut
774 2067 880 2137 ait
917 2065 1339 2138 Athenaeus.
1380 2070 1656 2138 Natans
1687 2080 1942 2139 autem
1993 2084 2156 2135 suc-

96 2180 629 2253 crescentibus
686 2182 831 2279 ipsi
862 2183 1125 2281 pinnis
1178 2181 1437 2256 oculos
1478 2183 1682 2280 tegit.
1726 2185 1820 2252 Et
1863 2178 2156 2277 elopem

100 2292 433 2391 quidem
459 2319 637 2369 eum
660 2296 1085 2371 Aristoteles
1106 2322 1521 2397 omnesque
1547 2295 1844 2396 physici
1862 2310 2158 2386 vocant,

104 2432 253 2482 nec
314 2436 475 2484 non
526 2412 1059 2512 Aristophanes
1088 2468 1110 2503 ,
1180 2415 1624 2507 Byzantius,
1684 2414 1767 2485 in
1829 2412 2160 2509 epitome

103 2524 201 2599 de
250 2528 585 2625 piscium
627 2531 1217 2630 proprietatibus
1256 2560 1275 2603 ε
1334 2532 1656 2604 Romani
1713 2552 1892 2603 vero
1939 2531 2165 2628 aqui·-

107 2669 513 2741 penserem
552 2700 573 2735 ‚
637 2646 737 2721 ob
772 2673 975 2745 quas
1024 2650 1167 2746 ipsi
1220 2647 1590 2721 tradidere
1647 2670 1922 2719 causas.
1983 2650 2158 2718 Cor-

108 2760 373 2833 nelius
421 2766 669 2860 Nepos
722 2778 799 2835 et
847 2763 1203 2837 Laberius
1224 2814 1247 2851 ‚
1292 2776 1511 2861 poeta
1541 2815 1564 2851 ,
1621 2760 1847 2832 ambo
1889 2764 2162 2831 Roma-

114 2878 239 2972 ni,
290 2878 515 2950 aiunt
554 2880 917 2975 Optatam
970 2879 1349 2977 quendam
1370 2932 1393 2967 ,
1452 2874 1868 2975 Carpathiae
1915 2873 2164 2947 classis

115 2992 569 3069 nauclerum
596 3048 619 3083 ,
654 2992 970 3068 Claudio
1006 2996 1423 3093 imperante
1444 3047 1465 3082 ,
1502 2992 1754 3092 elopes
1791 3016 1882 3065 ex
1917 2988 2164 3065 infero

118 3111 317 3181 mari
336 3107 693 3183 adtulisse
712 3161 735 3200 ‚
769 3124 997 3207 atque
1014 3111 1215 3183 inter
1235 3110 1574 3186 Ostiense
1593 3123 1668 3180 et
1689 3114 2162 3208 Campanum

120 3248 333 3299 mare
360 3227 729 3325 sparsisse.
767 3230 933 3299 Haec
958 3227 1053 3299 de
1080 3230 1303 3326 pisce.
2030 3322 2042 3333 q

216 3342 341 3431 64.
392 3342 925 3417 Revertebatur
956 3361 1212 3419 autem
1248 3344 1685 3447 Cappadox,
1727 3368 1862 3417 seu
1896 3340 2162 3417 refere-

120 3456 350 3533 batur
386 3462 645 3560 potius
665 3516 686 3551 ,
744 3463 933 3537 serie
974 3460 1403 3563 puellarum
1452 3464 1818 3560 utrinque
1864 3461 2164 3536 comita·

127 3662 362 3713 mutato
388 3648 595 3714 tamen
628 3653 885 3736 piscium
923 3656 1202 3739 nomin03
1236 3658 1305 3719 in
1348 3678 1431 3731 eo,
1444 3654 1607 3718 enim
1636 3652 1788 3715 scari
1816 3660 1960 3713 sunt
1988 3694 2008 3729 ,
2037 3670 2166 3717 non

127 3746 514 3831 acipenserem.

208 3849 283 3927 7)
322 3846 473 3907 Cod.
498 3854 681 3909 οἰκίον.
764 3935 769 3937 .

212 3939 281 4020 8)
319 3942 469 4013 cod,
500 3970 686 4012 ανανα.
761 3938 795 3972 ’·
