3050 5017
456 475 1021 534 n‘srrunmcu
1070 477 1473 534 nonunt
1521 481 1678 538 nna
1727 488 1777 538 ι.
2031 462 2135 568 87

74 573 245 668 'Titi
304 591 713 694 imperium
749 647 771 682 ,
832 595 913 666 in
964 592 1296 668 historiis
1352 600 1788 671 memoriam
1849 603 2138 701 reperi,

92 713 341 786 finem
354 709 559 784 ‘libro
578 712 987 809 imponam.
1012 713 1270 810 Neque
1294 713 1499 784 enim
1529 714 1944 792 Domitiani
1961 717 2142 793 duo·

98 827 355 900 decim
410 825 932 962 praefectorum
982 825 1235 918 urbis,
1288 852 1538 927 neque
1571 841 1748 905 vero
1785 835 2144 926 Bassiani,

98 945 567 1044 cognomine
592 941 1010 1034 Caracallae,
1056 945 1636 1020 innovationum
1677 952 2144 1024 mentionem

102 1059 351 1134 faeere
374 1060 630 1136 volui:
614 1087 823 1162 qu·ae
848 1063 1057 1134 enim
1080 1085 1123 1134 a
1148 1065 1395 1162 pravis
1418 1066 1897 1166 principibus
1913 1066 2100 1144 facta
2121 1121 2148 1162 ,

106 1179 463 1278 quamvis
496 1177 892 1252 utilissima
922 1179 1079 1252 sint
1097 1231 1120 1270 ,
1166 1195 1786 1258 contemnuntor.

670 1437 769 1488 DE
814 1435 1219 1488 lem
1263 1437 1596 1492 vlam.

180 1627 338 1704 ·5o.
392 1627 689 1702 Treveri
704 1681 727 1718 ,
754 1649 939 1726 gens
962 1627 1241 1702 Gallica
1260 1683 1283 1722 ,
1319 1629 1521 1729 ripas
1545 1627 1791 1704 Rheni
1815 1621 2152 1705 accolen-

106 1761 261 1838 tes,
312 1747 457 1824 ubi
497 1761 573 1822 et
614 1750 899 1822 Treviri
954 1747 1179 1840 urbs,
1230 1749 1736 1848 (Sygambros
1777 1775 1904 1824 eos
1953 1750 2156 1844 Itali;

114 1866 309 1942 Galli
366 1881 623 1942 autem
700 1890 915 1939 nune
972 1871 1291 1940 Francos
1352 1865 1788 1968 adpellant)
1853 1873 2160 1943 Brenno

116 1983 311 2058 duce
356 1981 745 2084 quondam
802 2005 941 2082 per
990 1979 1213 2081 Alpes
1260 1985 1574 2083 sparsim
1626 1999 1958 2058 errantes
1980 2039 2001 2075 ‚
2071 1987 2158 2058 in

114 2100 409 2174 Italiam
441 2102 831 2174 irruerunt
864 2120 1003 2198 per
1025 2096 1311 2172 deserta
1338 2099 1543 2171 invia
1569 2114 1647 2172 et
1677 2099 2030 2191 dumosa,
2067 2113 2162 2174 ut

120 2220 225 2292 ait
246 2215 636 2318 Virgilius.
689 2213 981 2290 Deinde
1006 2238 1145 2314 per
1190 2214 1589 2289 cuniculos
1631 2218 1988 2316 ingressi,
2018 2221 2166 2292 Ro·

122 2359 329 2408 mam
378 2349 609 2439 atque
644 2335 898 2434 ipsum
946 2330 1401 2432 Capitolium
1448 2347 1762 2406 tenuere
1816 2361 1835 2404 ε
1893 2356 2070 2406 cum
2117 2357 2168 2406 a

122 2449 461 2526 barbaris
518 2453 965 2550 intempesta
1015 2463 1237 2522 nocte
1284 2429 1830 2550 adparentibus
1877 2450 2120 2522 territi
2145 2503 2174 2542 ,

130 2569 269 2666 qui
316 2569 406 2640 in
458 2565 749 2666 templo
810 2579 1027 2640 erant
1074 2589 1371 2640 anseres
1390 2619 1415 2658 ,
1470 2566 1844 2642 Manlium
1891 2565 2169 2642 ducem

129 2684 481 2782 (vicinus
526 2697 781 2758 autem
836 2681 1047 2782 erat)
1098 2685 1522 2756 excitarunt
1549 2739 1572 2776 ,
1630 2685 1768 2783 qui
1815 2683 2176 2760 barbaros

134 2783 407 2900 dejecit
438 2857 462 2892 ,
540 2801 937 2876 anseribus
990 2815 1243 2875 autem
1298 2815 1390 2876 ut
1443 2799 1719 2875 festum
1779 2817 1854 2875 et
1905 2823 2174 2874 cursus

136 2933 517 3020 equestres
572 2916 905 2992 ludicros
936 2918 1257 2992 Romani
1301 2915 1762 2992 celebrarent
1783 2973 1804 3010 ‚
1857 2916 2178 2992 canibus

136 3059 313 3110 vero
346 3037 763 3135 perniciem
780 3089 803 3126 ,
846 3031 1001 3109 sole
1038 3033 1331 3106 leonem
1356 3047 1843 3133 percurrente
1868 3087 1890 3126 ,
1933 3033 2178 3108 deere-
2223 3049 2228 3054 ’

132 3157 267 3230 vit.
304 3156 490 3246 Quae
534 3175 710 3228 cum
758 3154 862 3225 ita
911 3164 1075 3224 tum
1128 3149 1568 3225 accidissent
1591 3205 1612 3241 ,
1666 3148 1783 3223 lex
1833 3149 1972 3225 lata
2021 3165 2178 3243 est,

136 3267 485 3346 custodes
514 3285 931 3344 nocturnos
960 3265 1386 3340 instituens.
1442 3269 1533 3337 Et
1579 3281 1957 3374 quantum
1996 3269 2183 3366 qui-

136 3387 313 3462 dem
342 3385 439 3460 ad
479 3387 839 3488 temporis
862 3383 1234 3484 spatium,
1292 3405 1432 3454 nos
1466 3382 1684 3481 prius
1712 3378 1807 3453 de
1833 3378 1953 3454 his
1977 3405 2182 3456 com—

140 3527 559 3578 memorare
583 3501 1016 3603 oportebat:
1046 3521 1311 3574 verum
1339 3500 1706 3598 quoniam
1731 3497 1876 3573 hoc
1893 3523 2186 3576 munus

138 3619 703 3722 magistratibus
742 3617 1172 3720 reipublicae
1212 3615 1698 3690 adnumerari
1744 3641 1902 3690 non
1943 3616 2132 3692 solet
2157 3672 2182 3710 ,

140 3755 411 3840 estque
462 3737 865 3838 collegium
914 3751 991 3808 et
1030 3757 1304 3836 corpus
1345 3734 1748 3806 ministerii
1802 3756 2020 3806 causa
2068 3736 2184 3808 in-

146 3873 506 3948 ventum3
560 3881 699 3957 par
737 3876 1048 3956 quoque
1078 3866 1272 3942 erat,
1314 3852 1530 3949 quasi
1556 3865 1887 3923 extremo
1913 3853 2188 3950 utique

146 3976 729 4076 magistratuum
768 3967 961 4052 illud
1004 3967 1433 4068 adjungere.
1472 3966 1772 4042 Etenim
1816 3989 1976 4040 non
2021 3981 2182 4042 tan-
