3050 5017
376 428 927 487 ntlrunmcn
978 428 1592 486 nunaunt-mn.
1643 436 1774 485 111.
1941 432 2090 515 199

86 544 163 619 ab
188 545 533 645 operibus
559 544 827 645 gloria,
878 560 1043 617 tum
1072 543 1317 619 solatii
1358 548 1439 618 in
1470 548 1563 619 iis
1593 546 2080 637 abundantia.

90 662 387 753 Deinde,
432 664 648 761 quasi
688 660 1053 735 adsumtis
1100 660 1277 754 alis,
1338 662 1433 736 ad
1484 686 1534 735 a
1579 666 1878 738 secretis
1933 674 1962 756 (
1995 674 2085 740 ut

86 788 361 877 vocant)
390 782 579 855 aulae
621 780 1139 879 properabam.
1436 878 1441 883 ·

168 905 274 975 28.
331 902 632 975 Zoticus
672 916 959 991 autem,
982 900 1289 1011 adjutus
1322 900 1419 975 ab
1456 904 1749 1002 optimo
1779 924 2092 1001 prorsus

84 1036 143 1095 et
154 1021 505 1113 humano,
520 1020 1059 1120 literarumque
1068 1034 1475 1111 amante-,et
1490 1024 1574 1096 in
1591 1025 1744 1096 vita
1754 1025 2090 1122 sapiente

82 1140 451 1209 Ammiano
466 1192 487 1229 ,
504 1162 811 1211 uxorem
836 1162 1145 1236 quoque
1162 1138 1356 1210 mihi
1372 1138 1726 1211 conciliat
1737 1194 1758 1230 ,
1777 1150 2090 1212 centum

86 1253 250 1325 mihi
302 1242 474 1327 auri
524 1252 891 1327 librarum
942 1252 1197 1327 dotem
1247 1253 1611 1329 ferentem
1652 1283 1673 1346 ;
1753 1270 2090 1335 ceterum

85 1370 451 1461 omnibus,
486 1395 819 1469 quorum
852 1391 1197 1470 unquam
1232 1372 1313 1443 in
1342 1372 1840 1445 admiratione
1865 1372 2094 1470 pudi-

87 1490 231 1561 citia
256 1486 405 1562 fuit
426 1543 447 1579 ,
482 1488 931 1563 mulieribus
960 1502 1453 1587 praestantem.
1488 1496 1643 1589 Ego
1683 1514 1860 1563 vero
1882 1542 1904 1579 ,
1930 1513 2093 1589 spe-

90 1630 231 1676 mns
251 1662 269 1695 ‚
324 1604 485 1677 fore
538 1620 627 1677 ut
673 1630 1015 1679 successu
1068 1608 1431 1704 temporis
1477 1605 1726 1679 multo
1781 1604 2094 1678 meliora
2145 1667 2154 1679 ,

90 1723 251 1793 mihi
285 1723 848 1821 contingerent,
878 1721 1139 1795 relicto
1172 1722 1359 1796 aulae
1384 1722 1640 1795 studio
1658 1776 1679 1812 ,
1716 1736 1949 1795 totam
1985 1722 2095 1795 vi·

92 1854 211 1910 tam
258 1864 501 1912 meam
540 1836 827 1913 militiae
874 1839 1133 1913 tribui.
1185 1845 1588 1939 Postquam
1633 1842 1868 1940 igitur
1915 1838 2102 1914 tales

90 1957 377 2029 omnino
418 1953 621 2027 sactae
646 1970 830 2027 sunt
868 1980 985 2031 res
1025 1955 1391 2057 publicae‚
1416 1957 1676 2056 quales
1711 1982 1833 2031 eas
1874 1984 2100 2058 expo-

92 2074 351 2145 suimus
368 2125 389 2161 ,
424 2070 729 2143 fortuna
754 2070 1109 2171 deinceps
1128 2071 1437 2146 literatis
1454 2129 1477 2165 ‚
1504 2099 1665 2147 non
1683 2129 1704 2163 ,
1737 2090 1825 2148 ut
1845 2090 2102 2167 antea,

90 2203 539 2263 succensente
561 2243 583 2280 ‚
617 2214 929 2288 perosus
978 2189 1325 2263 militiam
1348 2246 1369 2283 ,
1420 2206 1668 2265 totum
1718 2218 1842 2266 me
1882 2192 2102 2267 libris

93 2306 351 2379 tradidi.
394 2310 809 2405 Imperator
839 2320 1127 2395 autem,
1164 2332 1339 2379 cum
1378 2333 1501 2381 me
1529 2307 1763 2381 literis
1791 2308 2102 2408 vigilare

91 2424 524 2521 cognovisset
542 2476 563 2513 ‚
586 2424 927 2521 primum
953 2423 1263 2522 quidem
1295 2423 1618 2523 dignum
1647 2450 1772 2499 me
1799 2424 2106 2520 habuit,

92 2541 203 2633 qui
241 2538 751 2614 laudationem
784 2539 879 2613 ad
916 2542 1167 2639 ipsum
1198 2541 1523 2615 dicerem
1551 2595 1570 2632 ,
1605 2544 2106 2641 praesentibus

92 2654 253 2731 sorte
264 2675 337 2733 et
356 2659 659 2755 majoris
678 2666 929 2735 Romae
941 2662 1407 2761 primoribus
1422 2716 1443 2751 ,
1463 2661 1750 2761 quibus
1765 2686 2064 2761 semper
2077 2714 2102 2753 ,

91 2777 407 2869 quamvis
422 2774 766 2866 adflictis,
783 2802 981 2851 curae
999 2792 1109 2851 est
1127 2777 1517 2849 literarum
1536 2777 1902 2850 studium.
1925 2782 2100 2867 Quo

90 2886 255 2963 facto
273 2946 293 2983 ,
322 2906 397 2967 et
423 2906 683 2964 contra
708 2897 955 2965 Persas
980 2916 1027 2965 a
1050 2920 1129 2965 se
1152 2892 1467 2966 feliciter
1486 2891 2100 2967 administratum

90 3001 349 3081 bellum
398 3008 719 3081 seribere
764 3032 885 3081 me
928 3008 1185 3103 jussit3
1236 3034 1395 3107 quo
1434 3024 1774 3110 tempore
1797 3064 1820 3103 ,
1852 3036 2099 3112 quum

90 3124 331 3197 Daram
372 3126 643 3199 urbem
660 3178 683 3217 ‚
728 3150 957 3226 quam
1002 3124 1249 3198 clarus
1294 3130 1724 3200 Anastasius
1757 3128 2106 3201 faucibus

92 3236 403 3316 hostium
442 3244 845 3344 imposuit,
901 3241 1323 3317 turbassent
1343 3296 1364 3336 ‚
1408 3241 1614 3315 haud
1649 3266 1884 3343 parvo
1921 3268 2101 3316 cum

90 3355 348 3435 damno
376 3362 554 3435 inde
578 3361 827 3437 abiere
845 3416 866 3452 ,
896 3360 1040 3435 sub
1074 3384 1165 3432 eo
1195 3358 1546 3432 nondum
1576 3362 1873 3433 reversi.
1963 3458 1970 3465 ι

177 3504 281 3576 29.
316 3482 861 3579 Pragmaticum
878 3477 971 3552 de
988 3504 1111 3551 me
1124 3478 1217 3550 ad
1237 3475 1752 3577 praefecturam
1771 3476 2108 3555 scribens

94 3590 482 3695 ,imperator
498 3652 521 3693 ,
540 3596 661 3671 his
684 3623 865 3673 usus
883 3614 997 3671 est
1013 3597 1261 3674 verbis
1280 3626 1297 3669 ε
1320 3628 1357 3667 α
1376 3602 1416 3671 J
1418 3598 1654 3671 oanni
1672 3596 2106 3677 doctissimo

165 3784 229 3861 6)
264 3785 410 3848 cod.
430 3832 447 3847 .
467 3831 484 3849 .
503 3829 518 3846 .
550 3793 748 3870 ρυγξιν.
776 3786 1003 3851 Eadem
1026 3788 1211 3849 verba
1234 3794 1534 3848 occurant
1551 3806 1657 3861 111,
1682 3786 1783 3868 47.

171 3885 235 3960 7)
270 3884 435 3964 Lego
454 3888 672 3945 ἐκεῖθεν.

166 3975 235 4055 8)
274 3984 431 4043 Πάλιν
462 4002 481 4049 3
510 3982 877 4065 conjectum.
902 3982 979 4043 In
1002 3980 1151 4045 Cod.
1177 3981 1366 4045 litera
1386 3978 1686 4046 extincta.
