3050 5017
533 3077 686 3121 XIV.

467 3165 667 3208 lomnes
699 3157 760 3208 de

509 3235 718 3294 ιιι-ἔως.

505 3306 719 3353 Nieohus

523 3377 703 3425 achor.

805 471 930 550 liv
1443 501 2206 560 commun-tamtus

801 651 1008 744 μέρος·
1029 653 1158 729 ‹bg-e
1181 647 1322 730 τοὺς
1347 648 1456 745 μὲν
1483 653 1737 751 ἅῤῥενας
1771 659 1893 735 τοῖς
1916 653 2033 738 ἔξω
2056 658 2328 751 γίνεσθαι
2372 649 2659 752 φοὸεροὺς
2678 705 2703 740 ,
2732 654 2849 731 τὰς

802 781 868 852 δὲ
897 784 1142 864 ,θηλείας
1171 791 1294 864 τοῖς
1320 783 1486 857 ἔνδον
1509 793 1807 882 γονίμους.
1843 811 1891 860 3>
1940 788 2121 880 Quo
2164 811 2267 863 ex
2295 785 2466 862 loco
2504 795 2801 860 constat
2820 841 2848 881 ,

803 913 1014 1014 quod
1045 913 1401 990 habuerit
1436 917 1819 1021 Josephus
1852 918 1948 996 de
1972 921 2235 1011 Iuliis,
2267 919 2349 996 id
2376 943 2591 1018 seque
2608 915 2855 994 fuisso

801 1050 1168 1146 majorem
1218 1051 1432 1128 illam
1475 1052 1909 1153 Lydianam
1958 1055 2372 1155 Epitomen
2430 1085 2445 1123 :
2494 1079 2674 1128 nam
2712 1052 2854 1127 ina

801 1168 970 1286 ipsa
1007 1188 1246 1262 verba
1299 1187 1531 1264 habet
1580 1188 1759 1265 edit.
1815 1187 2127 1267 Schow.
2178 1191 2381 1266 Part.
2430 1189 2559 1263 IV
2586 1210 2855 1264 mense

805 1319 1055 1419 April.
1111 1343 1270 1418 cap.
1323 1341 1416 1394 vt
1454 1347 1619 1420 pag.
1674 1323 1771 1424 98
1816 1351 1833 1398 ε
1886 1325 2041 1400 nisi
2084 1321 2445 1424 quodibi
2484 1345 2853 1422 perverse

803 1460 1100 1554 γονίμοις,
1149 1478 1294 1552 pro
1331 1457 1631 1550 γονίμους.
1656 1453 1805 1530 Sed
1833 1457 2109 1556 aliquis
2140 1455 2385 1532 fatalis
2418 1455 2569 1530 fuit
2596 1479 2849 1552 casuS,

805 1589 949 1686 qui
996 1610 1263 1661 rursus
1307 1611 1472 1660 eam
1505 1587 1955 1685 Epitomen‚
2002 1591 2259 1665 lucem
2301 1616 2401 1666 ne
2429 1589 2800 1687 aspiceret
2827 1643 2855 1683 ,

803 1717 1237 1819 impedivit.
1265 1718 1382 1792 Ut
1425 1720 1633 1794 enim
1670 1719 2048 1797 Allatium
2073 1721 2458 1817 vidimus,
2502 1721 2688 1795 item
2711 1719 2857 1796 Io·-

805 1851 1090 1954 scphus
1131 1849 1230 1925 de
1263 1850 1494 1926 Iuliis
1513 1906 1536 1947 ,
1576 1851 1794 1949 prius
1818 1878 2048 1952 quam
2072 1855 2405 1930 affectam
2430 1851 2857 1928 editionem

806 1987 1247 2088 perficeret,
1303 1981 1498 2062 obiit
1543 2010 1561 2059 :
1612 1982 1915 2087 fuitque
1960 1986 2148 2064 adeo
2196 1987 2350 2064 hoc
2390 1984 2679 2063 Allatio
2718 1985 2859 2060 in—

805 2119 1140 2216 felicior,
1189 2115 1402 2217 quod
1434 2143 1609 2217 quae
1636 2119 1801 2220 ipse
1830 2131 2385 2199 commentatus
2415 2120 2500 2194 in
2526 2114 2857 2218 Lydum

809 2267 958 2350 est,
997 2272 1086 2326 ee
1111 2251 1280 2326 sive
1329 2253 1652 2328 omnino
1686 2251 1781 2329 ad
1824 2255 2167 2330 nihilum
2205 2257 2589 2328 venerunt
2606 2305 2629 2346 ,
2676 2251 2856 2326 sive

817 2397 1020 2463 certe
1057 2381 1314 2458 adhuc
1365 2385 1605 2460 latent
1640 2380 1881 2485 :qum
1922 2385 2294 2474 Allatius‚
2344 2385 2633 2460 cumin
2678 2409 2861 2460 eru—

815 2521 1158 2597 ditorum
1194 2519 1605 2598 hominum
1664 2545 1937 2596 manus
1966 2517 2453 2616 incidissent,
2502 2519 2861 2596 siminus

811 2670 1014 2756 tota,
1071 2668 1404 2733 attamen
1452 2655 1709 2755 aliqua
1760 2679 1863 2731 ex
1910 2667 2126 2754 parte
2154 2655 2381 2731 nobis
2422 2679 2502 2731 se
2533 2677 2859 2756 aperue-

809 2804 1020 2872 mut.

915 3053 1192 3139 XXV.
1241 3057 1552 3134 Etenim
1592 3057 1827 3156 paulo
1858 3056 2179 3156 justiore
2216 3051 2530 3180 fortuna
2576 3063 2863 3132 octavo

816 3197 1114 3275 decimo
1155 3193 1433 3272 soeculo
1475 3191 1747 3292 Lydus
1778 3193 1895 3268 uti
1938 3193 2210 3290 coepit.
2241 3189 2509 3264 Minus
2539 3185 2858 3285 quidem

793 3335 904 3411 ein
933 3332 1214 3427 Gallia,
1245 3327 1635 3404 Ludovici
1660 3343 1785 3400 xv
1810 3325 2268 3424 principatu,
2311 3345 2489 3397 cum
2520 3321 2569 3396 J
2569 3343 2857 3397 oannes

817 3471 910 3546 L.
961 3468 1059 3544 de
1101 3465 1454 3565 Burigny
1486 3517 1509 3558 ‚
1572 3462 1703 3537 vir
1765 3459 2150 3534 historicis
2213 3456 2515 3553 scriptis
2566 3465 2797 3530 notus
2828 3511 2855 3552 ,

817 3597 1332 3704 fragmentum
1367 3595 1553 3671 libri
1586 3593 1680 3667 de
1710 3593 2052 3669 Ostentis
2080 3650 2103 3691 ‚
2160 3591 2283 3666 De
2311 3589 2727 3666 tonitribus
2766 3589 2859 3663 in

712 3789 721 3794 -
815 3738 982 3818 dies
1029 3734 1405 3836 singulos,
1479 3729 1750 3830 gallice
1788 3741 2089 3804 vertere
2130 3726 2425 3819 voluit,
2498 3727 2858 3801 Histoire

816 3879 911 3949 de
987 3843 1458 3951 l’Acc‘zddmie
1515 3868 1649 3938 des
1726 3865 1783 3938 I
1778 3867 2221 3962 ascriptions
2273 3861 2499 3937 Tom.
2556 3853 2857 3932 XXIX

813 4033 980 4110 pag.
1019 4033 1158 4109 197
1199 4037 1215 4076 ε
1247 4003 1617 4105 quoniam
1645 4025 1738 4076 ea
1768 4001 2026 4079 versio
2070 4007 2431 4096 concepta
2461 3991 2699 4093 magis
2740 4003 2857 4068 est
