3050 5017
362 449 922 520 iimitunmcu„
974 463 1385 518 Romanu:
1436 467 1584 520 mn.
1639 471 1770 535 ιιι.
1946 479 2087 556 ²¹7

81 580 533 652 rontemtum
598 579 822 678 vulgo
883 576 1202 650 adducta
1268 576 1672 677 dignitate,
1733 583 1941 681 quod
2003 587 2098 660 de

80 694 373 792 publico
416 696 758 770 additum
801 694 1077 784 fuerat,
1122 685 1429 769 cessavit
1473 725 1490 767 :
1538 722 1804 775 omnes
1844 681 2100 780 autem

86 809 260 903 fere,
296 839 614 886 munere
653 813 1171 913 qualicunque
1209 810 1638 912 fungenteS‚
1667 807 1892 894 'nunc
1928 819 2104 896 ca'n-

92 927 354 1000 cellarii
408 929 921 1030 adpellantur3
970 955 1219 1029 neque
1280 932 1423 1030 ipsi
1474 945 1813 1030 tantum,
1869 940 1996 1036 sed
2052 942 2110 1015 ii

94 1033 429 1148 quoilue,
485 1051 620 1148 qui
693 1050 775 1120 in
832 1047 1245 1146 provinciis
1298 1052 1702 1148 pecuniam
1760 1058 2114 1156 exigunt,

93 1167 694 1258 cancellariorum
754 1167 898 1240 sibi
954 1192 1233 1273 nomen
1264 1223 1285 1258 ,
1354 1194 1512 1266 quo
1571 1172 2114 1270 opulentorum

97 1281 306 1354 rebus
330 1281 638 1356 abunde
672 1285 1106 1382 potiantur,
1138 1283 1590 1389 adjungunt.
1630 1293 1794 1362 Haec
1827 1289 1920 1364 de
1951 1318 2116 1394 per-

102 1399 519 1476 turbatione
548 1399 781 1496 hujus
813 1424 1122 1498 quoque
1155 1401 1505 1472 instituti.

89 1539 99 1550 ·
195 1517 310 1592 38.
366 1520 787 1598 scriniariis
813 1518 1358 1618 veroadjnncti
1394 1543 1706 1622 quoque
1747 1541 1930 1598 sunt
1967 1525 2124 1600 fru-

108 1651 352 1708 mento
390 1633 732 1729 militari,
768 1634 845 1707 id
881 1649 1032 1725 est,
1074 1659 1556 1724 annonarum
1593 1644 1895 1714 muneri
1937 1655 2132 1742 praed

108 1754 358 1848 positi3
398 1779 554 1825 non
586 1751 795 1853 quod
836 1767 911 1824 et
945 1753 1087 1852 ipsi
1117 1750 1211 1834 ad
1250 1754 1644 1854 antiquam
1669 1758 1940 1856 judicii
1969 1785 2129 1861 spe·

108 1869 281 1939 ciem
314 1871 863 1968 pertinuerint,
898 1869 1029 1942 sed
1064 1870 1427 1968 quoniam
1466 1870 1924 1950 militaribus
1961 1871 2134 1950 sc‘ri-

110 1987 357 2059 niariis
375 1987 685 2060 sublatis
708 2041 729 2077 ,
750 1987 1025 2074 horum
1054 2012 1363 2085 quoque
1380 1988 1799 2088 catalogum
1828 1997 2140 2068 existere

110 2107 436 2204 contigit.
465 2106 941 2209 Imperatoris
963 2118 1213 2176 autem
1244 2106 1556 2196 virtute,
1585 2108 1793 2206 quod
1811 2110 2138 2214 aliorum

112 2219 379 2293 damno
400 2237 783 2322 repertum
799 2220 1216 2310 videbatur,
1236 2221 1315 2298 in
1334 2223 1824 2300 ‚commodum
1852 2231 2142 2328 egregie

114 2342 606 2414 administrari
662 2342 932 2444 patuit.
985 2340 1351 2422 Sitoniam
1408 2365 1588 2414 vero
1608 2395 1630 2435 ‚
1689 2342 2144 2442 praefecturae

118 2460 349 2549 urbis,
374 2459 501 2530 cui
535 2458 713 2530 inde
740 2455 839 2533 ab
874 2458 1099 2530 initio
1130 2454 1460 2552 subjecta
1490 2455 1772 2554 fuerat,
1805 2454 2148 2561 potentia

117 2578 569 2674 arbitrioque
620 2572 951 2675 improbi
1012 2571 1469 2676 Cappadocis
1512 2573 1648 2672 (de
1697 2603 1860 2675 quo
1916 2580 2148 2680 paulo

120 2711 275 2792 post
332 2694 681 2781 die-turus
732 2689 963 2790 sum)
1034 2703 1365 2788 ereptam
1432 2689 1880 2788 (superesse
1939 2699 2148 2768 enim

124 2803 461 2908 putabat,
490 2824 574 2881 ut
604 2810 762 2888 suis
796 2811 881 2888 in
914 2808 1340 2910 provincias
1368 2807 1672 2906 injuriis
1700 2813 1936 2908 ipsam
1971 2838 2152 2910 quo-

124 2953 261 3026 que
287 2928 764 3028 imperatoris
792 2925 1061 3003 urbem
1096 2923 1497 3000 obnoxiam
1527 2923 1918 3026 redderet)
1949 2926 2154 3002 solue

125 3045 459 3136 Gabriel,
520 3042 957 3144 praefectura
1010 3040 1224 3119 urbis
1278 3039 1641 3140 fungens,
1702 3043 1813 3140 illi
1861 3047 2154 3142 judicio

128 3166 465 3246 restituit.
509 3162 707 3236 Solet
732 3161 939 3248 'enim
980 3161 1425 3256 imperator,
1464 3174 1557 3231 ut
1581 3177 1758 3258 pote
1793 3161 2044 3236 bonus
2079 3179 2156 3236 et

129 3278 483 3370 liberalis,
520 3275 796 3380 genere
842 3271 1143 3374 vitaque
1192 3289 1271 3346 et
1318 3273 1848 3368 munificentia
1899 3281 2154 3377 ipsum

134 3421 261 3496 pro
302 3399 597 3476 viribus
630 3393 1065 3475 aemulantes
1110 3395 1452 3466 revereri.
1494 3397 1665 3492 Ipso
1711 3410 1964 3468 autem
2017 3401 2154 3470 Ga·

134 3517 351 3592 briele
382 3517 819 3620 praefectura
844 3516 1173 3616 praetorii
1200 3514 1447 3613 potito
1466 3567 1487 3602 ‚
1520 3537 2161 3590 annonae-munus

140 3637 399 3710 iterum
456 3635 549 3708 ad
608 3635 853 3730 majus
894 3631 1273 3729 judicium
1316 3630 1540 3702 rediit
1591 3660 1608 3702 z
1657 3630 2015 3704 omnibus
2071 3647 2162 3704 ut

142 3775 435 3849 prorsus
491 3749 975 3824 manifestum
1035 3746 1298 3835 fuerit,
1360 3747 1882 3846 imperatorem
1907 3803 1926 3838 ,
1983 3773 2160 3821 cum

144 3869 473 3942 Gabriele
507 3894 647 3968 pro
680 3869 847 3966 ejus
881 3868 1149 3938 merito
1182 3863 1705 3966 delectaretur,
1740 3864 2162 3939 indulsisse.

150 3989 430 4060 Etenim
464 4010 755 4062 necesse
784 3999 935 4059 erat
955 4039 975 4074 ,
1003 4008 1218 4073 eum,
1246 4006 1420 4054 cum
1454 3999 1640 4056 esset
1663 3987 1784 4058 vir
1809 3984 2062 4059 bonus
2094 3999 2170 4058 et

1775 4099 1866 4170 28
