<?xml version="1.0" encoding="UTF-8"?>
<!DOCTYPE html PUBLIC "-//W3C//DTD XHTML 1.0 Transitional//EN"
    "http://www.w3.org/TR/xhtml1/DTD/xhtml1-transitional.dtd">
<html xmlns="http://www.w3.org/1999/xhtml" xml:lang="en" lang="en">
 <head>
  <title>
</title>
<meta http-equiv="Content-Type" content="text/html;charset=utf-8" />
  <meta name='ocr-system' content='tesseract 3.04.00' />
  <meta name='ocr-capabilities' content='ocr_page ocr_carea ocr_par ocr_line ocrx_word'/>
</head>
<body>
  <div class='ocr_page' id='page_1' title='image "./joannislaurenti00hasegoog_0085.png"; bbox 0 0 3050 5017; ppageno 0'>
   <div class='ocr_carea' id='block_1_1' title="bbox 764 469 2311 609">
    <p class='ocr_par' dir='ltr' id='par_1_1' title="bbox 764 469 2311 609">
     <span class='ocr_line' id='line_1_1' title="bbox 764 469 2311 609; baseline 0 -62"><span class='ocrx_word' id='word_1_1' title='bbox 764 496 888 547; x_wconf 78' lang='lat' dir='ltr'><strong>nr.</strong></span> <span class='ocrx_word' id='word_1_2' title='bbox 936 494 1295 550; x_wconf 72' lang='lat' dir='ltr'><strong>JoANNn</strong></span> <span class='ocrx_word' id='word_1_3' title='bbox 1343 493 1624 545; x_wconf 76' lang='lat' dir='ltr'><strong>mmo.</strong></span> <span class='ocrx_word' id='word_1_4' title='bbox 2029 469 2311 609; x_wconf 56' lang='lat' dir='ltr'><strong>lxii:x</strong></span> 
     </span>
    </p>
   </div>
   <div class='ocr_carea' id='block_1_2' title="bbox 168 641 2227 2215">
    <p class='ocr_par' dir='ltr' id='par_1_2' title="bbox 168 641 2227 2215">
     <span class='ocr_line' id='line_1_2' title="bbox 170 641 2211 745; baseline -0.003 -22"><span class='ocrx_word' id='word_1_5' title='bbox 170 650 455 723; x_wconf 86' lang='lat' dir='ltr'><strong>simum</strong></span> <span class='ocrx_word' id='word_1_6' title='bbox 488 646 881 745; x_wconf 86' lang='lat' dir='ltr'>ingenium</span> <span class='ocrx_word' id='word_1_7' title='bbox 922 642 1337 742; x_wconf 85' lang='lat' dir='ltr'><strong>philologia</strong></span> <span class='ocrx_word' id='word_1_8' title='bbox 1365 642 1804 719; x_wconf 75' lang='lat' dir='ltr'><strong>excoluerat</strong></span> <span class='ocrx_word' id='word_1_9' title='bbox 1830 698 1851 735; x_wconf 86' lang='lat'><strong>,</strong></span> <span class='ocrx_word' id='word_1_10' title='bbox 1887 641 2211 716; x_wconf 83' lang='lat' dir='ltr'><strong>Lutetiae</strong></span> 
     </span>
     <span class='ocr_line' id='line_1_3' title="bbox 168 776 2216 881; baseline -0.002 -25"><span class='ocrx_word' id='word_1_11' title='bbox 168 782 449 881; x_wconf 85' lang='lat' dir='ltr'><strong>degens</strong></span> <span class='ocrx_word' id='word_1_12' title='bbox 473 783 624 879; x_wconf 86' lang='lat' dir='ltr'><strong>jam</strong></span> <span class='ocrx_word' id='word_1_13' title='bbox 658 793 824 855; x_wconf 90' lang='lat' dir='ltr'><strong>tum</strong></span> <span class='ocrx_word' id='word_1_14' title='bbox 858 780 1053 853; x_wconf 91' lang='lat' dir='ltr'><strong>mihi</strong></span> <span class='ocrx_word' id='word_1_15' title='bbox 1076 788 1237 853; x_wconf 90' lang='lat' dir='ltr'><strong>erat</strong></span> <span class='ocrx_word' id='word_1_16' title='bbox 1256 776 1521 853; x_wconf 85' lang='lat' dir='ltr'><strong>officiis</strong></span> <span class='ocrx_word' id='word_1_17' title='bbox 1542 830 1564 867; x_wconf 86' lang='lat'><em>‚</em></span> <span class='ocrx_word' id='word_1_18' title='bbox 1591 801 1784 877; x_wconf 82' lang='lat' dir='ltr'><strong>usu,</strong></span> <span class='ocrx_word' id='word_1_19' title='bbox 1809 789 2216 851; x_wconf 86' lang='lat' dir='ltr'><strong>consuetu·</strong></span> 
     </span>
     <span class='ocr_line' id='line_1_4' title="bbox 168 908 2214 1029; baseline -0.003 -40"><span class='ocrx_word' id='word_1_20' title='bbox 168 915 353 989; x_wconf 89' lang='lat' dir='ltr'><strong>dine</strong></span> <span class='ocrx_word' id='word_1_21' title='bbox 372 911 994 1029; x_wconf 75' lang='lat' dir='ltr'><strong>jucundissimus.</strong></span> <span class='ocrx_word' id='word_1_22' title='bbox 1027 910 1205 1005; x_wconf 89' lang='lat' dir='ltr'><strong>Ille,</strong></span> <span class='ocrx_word' id='word_1_23' title='bbox 1254 923 1341 984; x_wconf 89' lang='lat' dir='ltr'><strong>ut</strong></span> <span class='ocrx_word' id='word_1_24' title='bbox 1374 922 1489 983; x_wconf 91' lang='lat' dir='ltr'><strong>est</strong></span> <span class='ocrx_word' id='word_1_25' title='bbox 1516 908 1790 983; x_wconf 88' lang='lat' dir='ltr'><strong>ardens</strong></span> <span class='ocrx_word' id='word_1_26' title='bbox 1814 920 1889 983; x_wconf 91' lang='lat' dir='ltr'><strong>et</strong></span> <span class='ocrx_word' id='word_1_27' title='bbox 1919 921 2214 983; x_wconf 88' lang='lat' dir='ltr'><strong>erectus</strong></span> 
     </span>
     <span class='ocr_line' id='line_1_5' title="bbox 172 1044 2212 1139; baseline -0.004 -16"><span class='ocrx_word' id='word_1_28' title='bbox 172 1048 263 1123; x_wconf 85' lang='lat' dir='ltr'><strong>ad</strong></span> <span class='ocrx_word' id='word_1_29' title='bbox 308 1048 683 1123; x_wconf 88' lang='lat' dir='ltr'><strong>ornandas</strong></span> <span class='ocrx_word' id='word_1_30' title='bbox 714 1046 1097 1121; x_wconf 79' lang='lat' dir='ltr'><strong>doctrinas</strong></span> <span class='ocrx_word' id='word_1_31' title='bbox 1129 1056 1423 1119; x_wconf 87' lang='lat' dir='ltr'><strong>nostras</strong></span> <span class='ocrx_word' id='word_1_32' title='bbox 1453 1099 1475 1138; x_wconf 90' lang='lat'>,</span> <span class='ocrx_word' id='word_1_33' title='bbox 1552 1044 1716 1116; x_wconf 89' lang='lat' dir='ltr'><strong>sine</strong></span> <span class='ocrx_word' id='word_1_34' title='bbox 1743 1068 1956 1117; x_wconf 88' lang='lat' dir='ltr'><strong>mora</strong></span> <span class='ocrx_word' id='word_1_35' title='bbox 1989 1068 2212 1139; x_wconf 88' lang='lat' dir='ltr'><strong>nego-</strong></span> 
     </span>
     <span class='ocr_line' id='line_1_6' title="bbox 172 1158 2210 1279; baseline -0.004 -22"><span class='ocrx_word' id='word_1_36' title='bbox 172 1186 375 1257; x_wconf 85' lang='lat' dir='ltr'>tium</span> <span class='ocrx_word' id='word_1_37' title='bbox 410 1182 741 1279; x_wconf 78' lang='lat' dir='ltr'><strong>suscepit</strong></span> <span class='ocrx_word' id='word_1_38' title='bbox 772 1207 789 1253; x_wconf 89' lang='lat'>:</span> <span class='ocrx_word' id='word_1_39' title='bbox 826 1158 1147 1277; x_wconf 87' lang='lat' dir='ltr'><strong>opus-de</strong></span> <span class='ocrx_word' id='word_1_40' title='bbox 1180 1177 1746 1276; x_wconf 81' lang='lat' dir='ltr'><strong>Magistratibus</strong></span> <span class='ocrx_word' id='word_1_41' title='bbox 1777 1176 2210 1275; x_wconf 83' lang='lat' dir='ltr'><strong>descripsit,</strong></span> 
     </span>
     <span class='ocr_line' id='line_1_7' title="bbox 174 1311 2216 1409; baseline -0.003 -18"><span class='ocrx_word' id='word_1_42' title='bbox 174 1314 667 1409; x_wconf 83' lang='lat' dir='ltr'><strong>emendavit,</strong></span> <span class='ocrx_word' id='word_1_43' title='bbox 722 1316 955 1389; x_wconf 82' lang='lat' dir='ltr'><strong>vertit</strong></span> <span class='ocrx_word' id='word_1_44' title='bbox 993 1342 1008 1386; x_wconf 92' lang='lat'>:</span> <span class='ocrx_word' id='word_1_45' title='bbox 1053 1313 1337 1389; x_wconf 89' lang='lat' dir='ltr'><strong>librum</strong></span> <span class='ocrx_word' id='word_1_46' title='bbox 1381 1312 1477 1389; x_wconf 89' lang='lat' dir='ltr'><strong>de</strong></span> <span class='ocrx_word' id='word_1_47' title='bbox 1507 1311 1844 1388; x_wconf 88' lang='lat' dir='ltr'><strong>Ostentis</strong></span> <span class='ocrx_word' id='word_1_48' title='bbox 1870 1311 2062 1385; x_wconf 88' lang='lat' dir='ltr'><strong>mihi</strong></span> <span class='ocrx_word' id='word_1_49' title='bbox 2093 1338 2216 1385; x_wconf 92' lang='lat' dir='ltr'><strong>re-</strong></span> 
     </span>
     <span class='ocr_line' id='line_1_8' title="bbox 177 1446 2216 1545; baseline -0.002 -21"><span class='ocrx_word' id='word_1_50' title='bbox 177 1451 543 1525; x_wconf 79' lang='lat' dir='ltr'><strong>servavit.</strong></span> <span class='ocrx_word' id='word_1_51' title='bbox 594 1450 1048 1523; x_wconf 82' lang='lat' dir='ltr'><strong>Continetur</strong></span> <span class='ocrx_word' id='word_1_52' title='bbox 1090 1448 1293 1523; x_wconf 88' lang='lat' dir='ltr'><strong>enim</strong></span> <span class='ocrx_word' id='word_1_53' title='bbox 1340 1449 1405 1522; x_wconf 85' lang='lat' dir='ltr'><strong>is</strong></span> <span class='ocrx_word' id='word_1_54' title='bbox 1452 1447 1646 1521; x_wconf 87' lang='lat' dir='ltr'><strong>liber</strong></span> <span class='ocrx_word' id='word_1_55' title='bbox 1689 1449 1774 1521; x_wconf 88' lang='lat' dir='ltr'><strong>in</strong></span> <span class='ocrx_word' id='word_1_56' title='bbox 1835 1446 2216 1545; x_wconf 78' lang='lat' dir='ltr'><strong>prioribus</strong></span> 
     </span>
     <span class='ocr_line' id='line_1_9' title="bbox 174 1581 2220 1684; baseline -0.001 -27"><span class='ocrx_word' id='word_1_57' title='bbox 174 1584 472 1684; x_wconf 83' lang='lat' dir='ltr'><strong>paginis</strong></span> <span class='ocrx_word' id='word_1_58' title='bbox 498 1582 797 1659; x_wconf 85' lang='lat' dir='ltr'><strong>Codicis</strong></span> <span class='ocrx_word' id='word_1_59' title='bbox 818 1581 1193 1657; x_wconf 86' lang='lat' dir='ltr'><strong>Caseolini</strong></span> <span class='ocrx_word' id='word_1_60' title='bbox 1231 1582 1261 1679; x_wconf 94' lang='lat'>(</span> <span class='ocrx_word' id='word_1_61' title='bbox 1282 1583 1393 1657; x_wconf 86' lang='lat' dir='ltr'><strong>sic</strong></span> <span class='ocrx_word' id='word_1_62' title='bbox 1418 1582 1775 1680; x_wconf 79' lang='lat' dir='ltr'><strong>appellati</strong></span> <span class='ocrx_word' id='word_1_63' title='bbox 1803 1608 1904 1656; x_wconf 81' lang='lat' dir='ltr'><strong>ex</strong></span> <span class='ocrx_word' id='word_1_64' title='bbox 1932 1605 2220 1680; x_wconf 85' lang='lat' dir='ltr'><strong>posses-</strong></span> 
     </span>
     <span class='ocr_line' id='line_1_10' title="bbox 175 1717 2217 1815; baseline -0.001 -24"><span class='ocrx_word' id='word_1_65' title='bbox 175 1744 387 1811; x_wconf 89' lang='lat' dir='ltr'><strong>sore,</strong></span> <span class='ocrx_word' id='word_1_66' title='bbox 426 1718 643 1815; x_wconf 85' lang='lat' dir='ltr'><strong>cujus</strong></span> <span class='ocrx_word' id='word_1_67' title='bbox 670 1720 989 1814; x_wconf 86' lang='lat' dir='ltr'><strong>majores</strong></span> <span class='ocrx_word' id='word_1_68' title='bbox 1016 1717 1405 1791; x_wconf 84' lang='lat' dir='ltr'><strong>Comitum</strong></span> <span class='ocrx_word' id='word_1_69' title='bbox 1434 1740 1532 1787; x_wconf 75' lang='lat' dir='ltr'><strong>DE</strong></span> <span class='ocrx_word' id='word_1_70' title='bbox 1555 1721 1881 1789; x_wconf 66' lang='lat' dir='ltr'><strong>CaseoLo</strong></span> <span class='ocrx_word' id='word_1_71' title='bbox 1903 1717 2217 1791; x_wconf 88' lang='lat' dir='ltr'><strong>nomine</strong></span> 
     </span>
     <span class='ocr_line' id='line_1_11' title="bbox 180 1849 2226 1947; baseline -0.002 -22"><span class='ocrx_word' id='word_1_72' title='bbox 180 1878 327 1947; x_wconf 89' lang='lat' dir='ltr'><strong>usq</strong></span> <span class='ocrx_word' id='word_1_73' title='bbox 338 1877 433 1925; x_wconf 91' lang='lat' dir='ltr'><strong>ue</strong></span> <span class='ocrx_word' id='word_1_74' title='bbox 454 1878 499 1924; x_wconf 92' lang='lat' dir='ltr'><strong>a</strong></span> <span class='ocrx_word' id='word_1_75' title='bbox 514 1850 811 1925; x_wconf 88' lang='lat' dir='ltr'><strong>decimo</strong></span> <span class='ocrx_word' id='word_1_76' title='bbox 832 1849 1109 1926; x_wconf 79' lang='lat' dir='ltr'><strong>saeculo</strong></span> <span class='ocrx_word' id='word_1_77' title='bbox 1128 1850 1530 1928; x_wconf 86' lang='lat' dir='ltr'><strong>annalibus</strong></span> <span class='ocrx_word' id='word_1_78' title='bbox 1547 1852 1832 1925; x_wconf 87' lang='lat' dir='ltr'><strong>nostris</strong></span> <span class='ocrx_word' id='word_1_79' title='bbox 1857 1849 2226 1925; x_wconf 85' lang='lat' dir='ltr'><strong>celebran-</strong></span> 
     </span>
     <span class='ocr_line' id='line_1_12' title="bbox 177 1983 2227 2083; baseline -0 -26"><span class='ocrx_word' id='word_1_80' title='bbox 177 1988 369 2079; x_wconf 87' lang='lat' dir='ltr'><strong>tur).</strong></span> <span class='ocrx_word' id='word_1_81' title='bbox 406 1985 525 2057; x_wconf 91' lang='lat' dir='ltr'><strong>De</strong></span> <span class='ocrx_word' id='word_1_82' title='bbox 566 1983 941 2058; x_wconf 85' lang='lat' dir='ltr'><strong>Caseolini</strong></span> <span class='ocrx_word' id='word_1_83' title='bbox 981 1984 1218 2083; x_wconf 87' lang='lat' dir='ltr'><strong>igitur</strong></span> <span class='ocrx_word' id='word_1_84' title='bbox 1256 1985 1560 2061; x_wconf 88' lang='lat' dir='ltr'><strong>Codicis</strong></span> <span class='ocrx_word' id='word_1_85' title='bbox 1592 1985 1922 2083; x_wconf 76' lang='lat' dir='ltr'><strong>origine,</strong></span> <span class='ocrx_word' id='word_1_86' title='bbox 1965 1996 2180 2061; x_wconf 77' lang='lat' dir='ltr'><strong>aetate</strong></span> <span class='ocrx_word' id='word_1_87' title='bbox 2203 2037 2227 2077; x_wconf 86' lang='lat'>‚</span> 
     </span>
     <span class='ocr_line' id='line_1_13' title="bbox 180 2116 1209 2215; baseline 0.004 -25"><span class='ocrx_word' id='word_1_88' title='bbox 180 2116 661 2215; x_wconf 87' lang='lat' dir='ltr'><strong>conditione,</strong></span> <span class='ocrx_word' id='word_1_89' title='bbox 709 2144 921 2195; x_wconf 88' lang='lat' dir='ltr'><strong>nunc</strong></span> <span class='ocrx_word' id='word_1_90' title='bbox 944 2117 1209 2195; x_wconf 87' lang='lat' dir='ltr'><strong>dicam.</strong></span> 
     </span>
    </p>
   </div>
   <div class='ocr_carea' id='block_1_3' title="bbox 190 2386 2596 3960">
    <p class='ocr_par' dir='ltr' id='par_1_3' title="bbox 190 2386 2596 3805">
     <span class='ocr_line' id='line_1_14' title="bbox 286 2386 2527 2485; baseline -0.005 -23"><span class='ocrx_word' id='word_1_91' title='bbox 286 2388 649 2462; x_wconf 86' lang='lat' dir='ltr'><strong>XXXII.</strong></span> <span class='ocrx_word' id='word_1_92' title='bbox 702 2389 1081 2465; x_wconf 82' lang='lat' dir='ltr'><strong>Inventus</strong></span> <span class='ocrx_word' id='word_1_93' title='bbox 1124 2401 1236 2465; x_wconf 89' lang='lat' dir='ltr'><strong>est</strong></span> <span class='ocrx_word' id='word_1_94' title='bbox 1287 2392 1484 2464; x_wconf 89' lang='lat' dir='ltr'><strong>circa</strong></span> <span class='ocrx_word' id='word_1_95' title='bbox 1529 2414 1595 2463; x_wconf 89' lang='lat' dir='ltr'><strong>a.</strong></span> <span class='ocrx_word' id='word_1_96' title='bbox 1645 2386 1863 2484; x_wconf 69' lang='lat'><strong>1785.</strong></span> <span class='ocrx_word' id='word_1_97' title='bbox 1911 2394 2220 2485; x_wconf 88' lang='lat' dir='ltr'><strong>propter</strong></span> <span class='ocrx_word' id='word_1_98' title='bbox 2310 2408 2527 2451; x_wconf 84' lang='lat' dir='ltr'><strong>xxxu.</strong></span> 
     </span>
     <span class='ocr_line' id='line_1_15' title="bbox 190 2494 2596 2623; baseline -0.001 -29"><span class='ocrx_word' id='word_1_99' title='bbox 190 2522 933 2623; x_wconf 83' lang='lat' dir='ltr'><strong>Constantinopolim</strong></span> <span class='ocrx_word' id='word_1_100' title='bbox 957 2580 979 2620; x_wconf 86' lang='lat'>,</span> <span class='ocrx_word' id='word_1_101' title='bbox 1018 2536 1365 2622; x_wconf 86' lang='lat' dir='ltr'><strong>utsupra</strong></span> <span class='ocrx_word' id='word_1_102' title='bbox 1390 2521 1946 2610; x_wconf 82' lang='lat' dir='ltr'><strong>demonstravi,</strong></span> <span class='ocrx_word' id='word_1_103' title='bbox 1978 2520 2220 2593; x_wconf 87' lang='lat' dir='ltr'><strong>Curu-</strong></span> <span class='ocrx_word' id='word_1_104' title='bbox 2253 2494 2596 2616; x_wconf 48' lang='lat' dir='ltr'><strong>ffigffssffid&#39;</strong></span> 
     </span>
     <span class='ocr_line' id='line_1_16' title="bbox 190 2652 2224 2754; baseline -0.002 -25"><span class='ocrx_word' id='word_1_105' title='bbox 190 2655 443 2730; x_wconf 80' lang='lat' dir='ltr'><strong>cismae</strong></span> <span class='ocrx_word' id='word_1_106' title='bbox 478 2654 575 2754; x_wconf 85' lang='lat' dir='ltr'><strong>(is</strong></span> <span class='ocrx_word' id='word_1_107' title='bbox 596 2658 1079 2733; x_wconf 86' lang='lat' dir='ltr'><strong>suburbanus</strong></span> <span class='ocrx_word' id='word_1_108' title='bbox 1104 2668 1216 2731; x_wconf 89' lang='lat' dir='ltr'><strong>est</strong></span> <span class='ocrx_word' id='word_1_109' title='bbox 1232 2655 1323 2729; x_wconf 89' lang='lat' dir='ltr'><strong>ad</strong></span> <span class='ocrx_word' id='word_1_110' title='bbox 1338 2654 1618 2730; x_wconf 81' lang='lat' dir='ltr'><strong>fretum</strong></span> <span class='ocrx_word' id='word_1_111' title='bbox 1643 2654 1910 2754; x_wconf 85' lang='lat' dir='ltr'><strong>pagus)</strong></span> <span class='ocrx_word' id='word_1_112' title='bbox 1931 2654 2013 2728; x_wconf 88' lang='lat' dir='ltr'><strong>in</strong></span> <span class='ocrx_word' id='word_1_113' title='bbox 2035 2652 2224 2727; x_wconf 86' lang='lat' dir='ltr'><strong>villa</strong></span> 
     </span>
     <span class='ocr_line' id='line_1_17' title="bbox 190 2764 2224 2888; baseline 0 -25"><span class='ocrx_word' id='word_1_114' title='bbox 190 2790 673 2867; x_wconf 72' lang='lat' dir='ltr'><strong>Constantini</strong></span> <span class='ocrx_word' id='word_1_115' title='bbox 686 2764 1077 2888; x_wconf 61' lang='lat' dir='ltr'><strong>simam,</strong></span> <span class='ocrx_word' id='word_1_116' title='bbox 1101 2792 1412 2866; x_wconf 82' lang='lat' dir='ltr'><strong>Patricii</strong></span> <span class='ocrx_word' id='word_1_117' title='bbox 1434 2792 1626 2886; x_wconf 75' lang='lat' dir='ltr'><strong>viri,</strong></span> <span class='ocrx_word' id='word_1_118' title='bbox 1645 2792 1780 2866; x_wconf 71' lang='lat' dir='ltr'><strong>ubi</strong></span> <span class='ocrx_word' id='word_1_119' title='bbox 1801 2789 2036 2865; x_wconf 73' lang='lat' dir='ltr'><strong>libros</strong></span> <span class='ocrx_word' id='word_1_120' title='bbox 2050 2789 2224 2863; x_wconf 75' lang='lat' dir='ltr'><strong>vn-</strong></span> 
     </span>
     <span class='ocr_line' id='line_1_18' title="bbox 198 2924 2216 3023; baseline 0.001 -28"><span class='ocrx_word' id='word_1_121' title='bbox 198 2924 387 2998; x_wconf 89' lang='lat' dir='ltr'><strong>loiso</strong></span> <span class='ocrx_word' id='word_1_122' title='bbox 411 2927 911 3022; x_wconf 83' lang='lat' dir='ltr'><strong>pertractabat</strong></span> <span class='ocrx_word' id='word_1_123' title='bbox 946 2926 1600 3023; x_wconf 83' lang='lat' dir='ltr'><strong>aliquammultos,</strong></span> <span class='ocrx_word' id='word_1_124' title='bbox 1636 2926 1916 3023; x_wconf 83' lang='lat' dir='ltr'><strong>partim</strong></span> <span class='ocrx_word' id='word_1_125' title='bbox 1961 2948 2216 3016; x_wconf 77' lang='lat' dir='ltr'><strong>cusos,</strong></span> 
     </span>
     <span class='ocr_line' id='line_1_19' title="bbox 193 3058 2222 3159; baseline 0 -28"><span class='ocrx_word' id='word_1_126' title='bbox 193 3058 473 3155; x_wconf 85' lang='lat' dir='ltr'><strong>partim</strong></span> <span class='ocrx_word' id='word_1_127' title='bbox 503 3061 1053 3157; x_wconf 83' lang='lat' dir='ltr'><strong>manuscriptos</strong></span> <span class='ocrx_word' id='word_1_128' title='bbox 1082 3114 1103 3149; x_wconf 91' lang='lat'><strong>,</strong></span> <span class='ocrx_word' id='word_1_129' title='bbox 1149 3085 1251 3135; x_wconf 83' lang='lat' dir='ltr'><strong>ex</strong></span> <span class='ocrx_word' id='word_1_130' title='bbox 1278 3085 1547 3159; x_wconf 85' lang='lat' dir='ltr'><strong>magna</strong></span> <span class='ocrx_word' id='word_1_131' title='bbox 1580 3060 1662 3133; x_wconf 89' lang='lat' dir='ltr'>N</span> <span class='ocrx_word' id='word_1_132' title='bbox 1663 3060 1887 3135; x_wconf 89' lang='lat' dir='ltr'><strong>icolai</strong></span> <span class='ocrx_word' id='word_1_133' title='bbox 1913 3060 2222 3133; x_wconf 87' lang='lat' dir='ltr'><strong>Mauro-</strong></span> 
     </span>
     <span class='ocr_line' id='line_1_20' title="bbox 192 3188 2219 3289; baseline 0.002 -26"><span class='ocrx_word' id='word_1_134' title='bbox 192 3190 483 3266; x_wconf 82' lang='lat' dir='ltr'><strong>cordati</strong></span> <span class='ocrx_word' id='word_1_135' title='bbox 506 3188 977 3267; x_wconf 83' lang='lat' dir='ltr'><strong>Bibliotheca</strong></span> <span class='ocrx_word' id='word_1_136' title='bbox 998 3194 1455 3289; x_wconf 85' lang='lat' dir='ltr'><strong>superstites.</strong></span> <span class='ocrx_word' id='word_1_137' title='bbox 1480 3194 1664 3267; x_wconf 82' lang='lat' dir='ltr'><strong>Erat</strong></span> <span class='ocrx_word' id='word_1_138' title='bbox 1683 3194 1889 3268; x_wconf 80' lang='lat' dir='ltr'><strong>e‘nim</strong></span> <span class='ocrx_word' id='word_1_139' title='bbox 1913 3194 1979 3266; x_wconf 89' lang='lat' dir='ltr'><strong>is</strong></span> <span class='ocrx_word' id='word_1_140' title='bbox 1993 3193 2043 3265; x_wconf 84' lang='lat' dir='ltr'><strong>J</strong></span> <span class='ocrx_word' id='word_1_141' title='bbox 2043 3216 2219 3268; x_wconf 82' lang='lat' dir='ltr'><strong>oan-</strong></span> 
     </span>
     <span class='ocr_line' id='line_1_21' title="bbox 194 3323 2221 3416; baseline 0 -17"><span class='ocrx_word' id='word_1_142' title='bbox 194 3325 713 3401; x_wconf 84' lang='lat' dir='ltr'><strong>nesNicolaus</strong></span> <span class='ocrx_word' id='word_1_143' title='bbox 723 3323 1149 3402; x_wconf 83' lang='lat' dir='ltr'><strong>Alexandri</strong></span> <span class='ocrx_word' id='word_1_144' title='bbox 1162 3326 1251 3399; x_wconf 84' lang='lat' dir='ltr'><strong>F.</strong></span> <span class='ocrx_word' id='word_1_145' title='bbox 1269 3326 1926 3416; x_wconf 87' lang='lat' dir='ltr'><strong>Maurocordatus,</strong></span> <span class='ocrx_word' id='word_1_146' title='bbox 1949 3352 1992 3401; x_wconf 90' lang='lat' dir='ltr'><strong>e</strong></span> <span class='ocrx_word' id='word_1_147' title='bbox 2011 3328 2221 3400; x_wconf 86' lang='lat' dir='ltr'><strong>Scar-</strong></span> 
     </span>
     <span class='ocr_line' id='line_1_22' title="bbox 194 3458 2220 3561; baseline 0.001 -31"><span class='ocrx_word' id='word_1_148' title='bbox 194 3458 526 3534; x_wconf 88' lang='lat' dir='ltr'><strong>latorum</strong></span> <span class='ocrx_word' id='word_1_149' title='bbox 560 3472 783 3559; x_wconf 82' lang='lat' dir='ltr'><strong>gente</strong></span> <span class='ocrx_word' id='word_1_150' title='bbox 804 3516 826 3556; x_wconf 85' lang='lat'>,</span> <span class='ocrx_word' id='word_1_151' title='bbox 868 3469 1037 3534; x_wconf 88' lang='lat' dir='ltr'><strong>tum</strong></span> <span class='ocrx_word' id='word_1_152' title='bbox 1058 3460 1465 3536; x_wconf 84' lang='lat' dir='ltr'><strong>excellenti</strong></span> <span class='ocrx_word' id='word_1_153' title='bbox 1490 3461 1802 3560; x_wconf 89' lang='lat' dir='ltr'><strong>ingenio</strong></span> <span class='ocrx_word' id='word_1_154' title='bbox 1825 3460 2220 3561; x_wconf 64' lang='lat' dir='ltr'><strong>praeditus,</strong></span> 
     </span>
     <span class='ocr_line' id='line_1_23' title="bbox 192 3591 2229 3693; baseline 0.002 -28"><span class='ocrx_word' id='word_1_155' title='bbox 192 3591 403 3689; x_wconf 89' lang='lat' dir='ltr'><strong>quod</strong></span> <span class='ocrx_word' id='word_1_156' title='bbox 431 3594 733 3693; x_wconf 85' lang='lat' dir='ltr'><strong>scriptis</strong></span> <span class='ocrx_word' id='word_1_157' title='bbox 766 3595 1289 3692; x_wconf 83' lang='lat' dir='ltr'><strong>compluribus</strong></span> <span class='ocrx_word' id='word_1_158' title='bbox 1318 3594 1733 3671; x_wconf 84' lang='lat' dir='ltr'><strong>declaravit</strong></span> <span class='ocrx_word' id='word_1_159' title='bbox 1764 3622 1780 3669; x_wconf 91' lang='lat'>:</span> <span class='ocrx_word' id='word_1_160' title='bbox 1812 3609 1976 3672; x_wconf 87' lang='lat' dir='ltr'><strong>tum</strong></span> <span class='ocrx_word' id='word_1_161' title='bbox 1995 3597 2229 3671; x_wconf 87' lang='lat' dir='ltr'><strong>libro-</strong></span> 
     </span>
     <span class='ocr_line' id='line_1_24' title="bbox 198 3728 2226 3805; baseline 0.001 -6"><span class='ocrx_word' id='word_1_162' title='bbox 198 3750 371 3800; x_wconf 87' lang='lat' dir='ltr'><strong>rum</strong></span> <span class='ocrx_word' id='word_1_163' title='bbox 434 3728 813 3803; x_wconf 82' lang='lat' dir='ltr'><strong>rariorum</strong></span> <span class='ocrx_word' id='word_1_164' title='bbox 858 3741 935 3803; x_wconf 89' lang='lat' dir='ltr'><strong>et</strong></span> <span class='ocrx_word' id='word_1_165' title='bbox 970 3738 1321 3805; x_wconf 76' lang='lat' dir='ltr'><strong>veterum</strong></span> <span class='ocrx_word' id='word_1_166' title='bbox 1370 3728 1783 3804; x_wconf 87' lang='lat' dir='ltr'><strong>admodum</strong></span> <span class='ocrx_word' id='word_1_167' title='bbox 1819 3729 2226 3805; x_wconf 86' lang='lat' dir='ltr'><strong>studiosus.</strong></span> 
     </span>
    </p>

    <p class='ocr_par' dir='ltr' id='par_1_4' title="bbox 200 3860 2227 3960">
     <span class='ocr_line' id='line_1_25' title="bbox 200 3860 2227 3960; baseline 0.001 -26"><span class='ocrx_word' id='word_1_168' title='bbox 200 3860 457 3951; x_wconf 86' lang='lat' dir='ltr'><strong>Quare</strong></span> <span class='ocrx_word' id='word_1_169' title='bbox 478 3886 655 3936; x_wconf 87' lang='lat' dir='ltr'><strong>eum</strong></span> <span class='ocrx_word' id='word_1_170' title='bbox 678 3862 879 3937; x_wconf 87' lang='lat' dir='ltr'><strong>circa</strong></span> <span class='ocrx_word' id='word_1_171' title='bbox 910 3888 972 3935; x_wconf 91' lang='lat' dir='ltr'><strong>a.</strong></span> <span class='ocrx_word' id='word_1_172' title='bbox 1010 3886 1203 3960; x_wconf 79' lang='lat'>1722</span> <span class='ocrx_word' id='word_1_173' title='bbox 1223 3861 1519 3936; x_wconf 87' lang='lat' dir='ltr'><strong>Sultani</strong></span> <span class='ocrx_word' id='word_1_174' title='bbox 1545 3864 1858 3937; x_wconf 88' lang='lat' dir='ltr'><strong>nomine</strong></span> <span class='ocrx_word' id='word_1_175' title='bbox 1889 3864 1972 3939; x_wconf 88' lang='lat' dir='ltr'><strong>in</strong></span> <span class='ocrx_word' id='word_1_176' title='bbox 1998 3863 2227 3937; x_wconf 91' lang='lat' dir='ltr'><strong>Vala-</strong></span> 
     </span>
    </p>
   </div>
   <div class='ocr_carea' id='block_1_4' title="bbox 198 3992 2223 4098">
    <p class='ocr_par' dir='ltr' id='par_1_5' title="bbox 198 3992 2223 4098">
     <span class='ocr_line' id='line_1_26' title="bbox 198 3992 2223 4098; baseline 0.003 -32"><span class='ocrx_word' id='word_1_177' title='bbox 198 3992 371 4069; x_wconf 86' lang='lat' dir='ltr'><strong>chia</strong></span> <span class='ocrx_word' id='word_1_178' title='bbox 402 4006 747 4095; x_wconf 84' lang='lat' dir='ltr'><strong>regnaret</strong></span> <span class='ocrx_word' id='word_1_179' title='bbox 775 4052 798 4093; x_wconf 87' lang='lat'><em>‚</em></span> <span class='ocrx_word' id='word_1_180' title='bbox 829 4020 873 4069; x_wconf 90' lang='lat' dir='ltr'><strong>e</strong></span> <span class='ocrx_word' id='word_1_181' title='bbox 891 3995 1338 4071; x_wconf 71' lang='lat' dir='ltr'><strong>Graecorum</strong></span> <span class='ocrx_word' id='word_1_182' title='bbox 1358 3998 1834 4074; x_wconf 87' lang='lat' dir='ltr'><strong>monasteriis</strong></span> <span class='ocrx_word' id='word_1_183' title='bbox 1867 4054 1889 4096; x_wconf 89' lang='lat'>‚</span> <span class='ocrx_word' id='word_1_184' title='bbox 1938 4024 2110 4098; x_wconf 83' lang='lat' dir='ltr'><strong>quae</strong></span> <span class='ocrx_word' id='word_1_185' title='bbox 2139 3999 2223 4072; x_wconf 90' lang='lat' dir='ltr'><strong>in</strong></span> 
     </span>
    </p>
   </div>
  </div>
 </body>
</html>
