3050 5017
427 463 1008 515 amrusmcn-
1042 463 1444 513 nolimu!
1494 466 1656 514 Lm.
1707 468 1840 516 111.
2025 442 2160 543 157

96 572 419 649 illarum
456 559 897 651 dioecesium
934 578 1139 649 curis
1172 576 1664 675 epistolarum
1699 578 2090 651 addendus
2123 604 2166 651 e

92 695 427 792 publico
484 713 787 770 sumtus
842 699 1278 796 imperatur.
1325 700 1528 771 Nam.
1559 674 1950 772 armorum
1992 702 2166 771 scri·

96 819 337 889 nium
388 834 587 891 certa
642 818 869 891 habet
908 844 951 890 a
1004 819 1419 917 provinciis
1466 818 1798 910 tributa,
1862 845 2165 912 nervos,
2248 885 2261 895 ,

96 938 473 1035 inquam,
512 962 765 1030 arcus,
811 953 887 1010 et
938 936 1273 1037 reliqua3
1308 939 1876 1012 necessitatibus
1911 953 2164 1011 autem

96 1055 187 1123 in
250 1053 453 1128 bello
488 1055 733 1130 obviis
768 1055 1213 1154 imperando
1259 1055 1635 1129 subvenit.

208 1172 284 1244 6.
344 1180 755 1248 Innumera
800 1190 1057 1247 autem
1090 1200 1268 1247 cum
1306 1177 1402 1247 sit
1450 1176 1926 1249 notariorum
1967 1170 2167 1246 mul-

97 1289 402 1381 titudo,
442 1316 901 1391 magnasque
954 1291 1149 1367 lucri
1194 1292 1511 1391 parandi
1555 1293 2168 1391 opportunitates

100 1404 473 1497 habeant3
524 1408 966 1501 literatiores
1006 1433 1274 1481 eorum
1320 1421 1397 1480 et
1439 1409 1866 1481 ministerio
1905 1431 2120 1505 pares
2143 1460 2166 1497 ,
2221 1395 2232 1404 ⁹

104 1528 191 1598 in
260 1527 706 1625 quindecim
768 1527 1209 1619 ordinibus,
1260 1552 1450 1626 quas
1512 1526 1802 1601 scholas
1853 1541 2168 1613 vocant,

102 1646 588 1745 colliguntur
618 1677 633 1719 τ
672 1673 713 1720 e
748 1648 1033 1747 quibus
1066 1650 1205 1746 qui
1239 1672 1469 1721 suum
1503 1646 1909 1721 tractandis
1941 1646 2168 1718 rebus

104 1791 342 1838 usum
366 1766 812 1865 probavere,
840 1769 923 1839 in
946 1766 1475 1870 Augustalium
1505 1766 1852 1839 ordinem
1869 1822 1889 1856 ‚
1911 1766 1974 1838 si
1999 1764 2166 1864 qui-

106 1883 287 1955 dem
328 1882 648 1971 volunt,
692 1910 943 1983 neque
986 1900 1239 1957 tamen
1286 1886 1437 1956 nisi
1490 1900 1662 1983 post
1713 1881 2166 1956 boethuram

106 2010 257 2089 (ut
310 2010 621 2091 vocant)
658 2004 981 2100 recepti,
1048 2001 1400 2074 militiam
1444 2000 1968 2090 cornicularii;
2027 1999 2167 2097 qui

104 2131 365 2189 autem
406 2119 489 2189 in
528 2116 877 2189 codicillo
916 2134 1273 2206 manent,
1317 2117 1630 2189 eandem
1669 2116 2166 2216 primiscrinii

109 2258 431 2308 munere
475 2234 820 2335 implent.
870 2232 984 2320 hc
1025 2235 1119 2308 de
1172 2234 1293 2307 his
1332 2234 1646 2333 quidem
1677 2258 1817 2306 suo
1853 2232 2020 2306 loco
2053 2256 2169 2305 ac·

108 2354 449 2425 curatius
480 2351 1039 2449 explicavimus.
1688 2358 1697 2367 “

211 2494 281 2566 7.
332 2468 677 2539 Literatis
706 2493 887 2541 vero
908 2454 1347 2540 ministeriis
1365 2468 1804 2567 praepositos
1830 2488 2164 2563 sequun-

108 2600 274 2674 tur,
315 2610 511 2683 quos
546 2585 961 2683 singulares
992 2586 1295 2677 dicunt,
1332 2586 1479 2659 viri
1524 2584 1829 2657 solertes
1853 2638 1873 2673 ‚
1909 2580 2162 2682 publi-

110 2726 379 2775 corum
418 2704 898 2800 negotiorum
946 2704 1179 2802 gratia
1227 2706 1309 2774 in
1356 2704 1790 2801 provincias
1824 2697 2160 2800 proficis-

110 2834 365 2893 centes
406 2846 423 2890 :
468 2822 605 2919 qui
642 2845 819 2893 cum
856 2822 1180 2893 maxime
1222 2820 1630 2892 necessaria
1667 2833 1743 2901 et
1783 2816 1880 2889 ad
1920 2819 2159 2914 ipsam

111 2962 487 3012 summam
528 2936 981 3037 reipublicae·
998 2940 1456 3037 pertinentia
1506 2937 1808 3039 negotia
1851 2932 2029 3031 inde
2065 2929 2161 3004 ab

112 3058 339 3128 initio
406 3070 790 3127 curassent
818 3110 839 3145 ,
914 3053 1441 3153 languescente
1492 3055 1649 3151 jam
1723 3049 2160 3153 praefectura

110 3173 485 3271 praetorii,
536 3174 1195 3271 magistrianorum
1222 3225 1243 3261 ,
1291 3194 1485 3269 quos
1540 3184 1844 3259 vocant,
1907 3170 2159 3239 inanis

114 3294 513 3366 ostentatio
542 3294 860 3392 irrepsit.
885 3290 1400 3391 Singularium
1421 3304 1674 3362 autem
1699 3288 1849 3360 illis
1871 3310 2155 3359 nomen

112 3412 291 3483 inde
332 3412 579 3500 venit,
620 3409 831 3508 quod
864 3433 1028 3482 uno
1058 3406 1332 3483 veredo
1374 3406 1573 3507 (uno
1609 3406 1956 3481 videlicet
1989 3429 2154 3503 par·

112 3526 401 3627 hippo)
460 3529 543 3600 in
599 3530 1029 3627 provincias
1077 3524 1633 3627 proficiscentes
1692 3524 2152 3611 utebantur3

113 3647 491 3747 singulare
524 3650 731 3722 enim
759 3631 964 3750 apud
998 3650 1221 3723 Italos
1256 3663 1472 3724 sonat
1500 3672 1774 3723 unum.
1805 3652 2149 3745 Sequun-

190 3831 263 3903 3)
302 3826 453 3888 Cod.
491 3832 1188 3911 κομποφακελλορημοσύνη.

192 3929 267 4001 4)
308 3924 457 3984 cod.
483 3927 704 4005 βερέδω.
1802 3937 1837 3970 ο

198 4020 271 4094 5)
309 4019 459 4081 Cod.
502 4023 647 4103 δρᾶν.
1098 4038 1109 4053 ·
