3050 5017
480 505 1055 558 nmrunmcnz
1104 506 1511 558 nonant
1559 506 1718 561 ιη.
1770 513 1856 561 11.
1973 481 1976 484 ’
2071 489 2173 584 93

144 616 473 700 boi-asset
492 671 515 708 ,
544 631 845 689 mortua
871 617 1023 713 jam
1050 613 1285 706 Julia,
1322 613 1476 688 filia
1496 671 1519 708 ,
1541 643 1772 716 quam
1804 621 1886 692 in
1919 623 2178 693 matri-f

148 733 501 805 monium
535 733 605 804 ei
648 732 989 822 dederat,
1029 733 1439 812 contrarias
1471 747 1720 832 partes
1749 733 2136 834 amplexus
2157 791 2178 823 ‚

144 851 471 920 Marium
490 848 758 941 coluit,
776 850 1091 946 ejusque
1115 847 1507 921 aemulatus
1527 863 1637 922 est
1659 875 1922 923 mores.
1939 854 2182 949 Igitur

142 967 369 1040 ambo
416 969 616 1040 inter
648 993 725 1041 se
758 967 1399 1068 congrediuntur,
1450 971 1667 1070 quasi
1713 968 2034 1044 haeredes
2067 985 2180 1063 ty·
2272 955 2276 960 ’

146 1107 566 1158 rannorum
600 1137 621 1174 ,
676 1087 1231 1184 praeter·copias
1250 1139 1273 1175 ‚
1318 1085 1628 1186 populis
1656 1101 2038 1188 quotquot
2083 1087 2184 1160 ad

144 1201 513 1274 orientem
530 1203 799 1292 solem,
818 1225 861 1274 a
876 1203 1267 1301 Pompeio,
1288 1201 1623 1277 barbaris
1636 1219 1889 1277 autem
1911 1261 1932 1296 ‚
1959 1220 2182 1307 quot

146 1331 331 1414 quot
370 1317 469 1390 ad
504 1319 967 1393 occidentem
1014 1319 1246 1392 solem
1278 1336 1353 1392 et
1396 1323 1942 1421 septentriones
1975 1323 2184 1423 dege·

148 1431 359 1528 hant,
384 1459 431 1507 a
458 1439 735 1510 Caesare
770 1435 1167 1510 stantibus·
1202 1436 1517 1537 Reliqua
1550 1453 1748 1512 nota.

244 1577 311 1622 2.
344 1555 633 1626 Rerum
666 1579 845 1638 vero
878 1555 1173 1652 potitur
1188 1557 1455 1628 Caesar:
1492 1557 1632 1655 qui
1665 1580 1882 1644 cum,
1915 1553 2010 1627 de
2037 1569 2182 1628 tre-

154 1669 383 1742 centis
409 1670 649 1769 captis
685 1669 989 1768 regibus
1024 1670 1544 1770 triumphans,
1573 1675 1887 1745 Romam
1924 1670 2180 1744 rediis-

148 1797 297 1874 set,
340 1809 507 1857 non
543 1787 914 1884 principis
938 1839 959 1876 ‚
994 1785 1027 1884 (
1052 1785 1243 1886 quid
1290 1799 1544 1859 autem
1595 1787 1840 1883 majus
1885 1784 2182 1880 foreti‘)

154 1915 277 1972 aut
304 1903 595 1974 summi
629 1905 937 1975 rectoris
980 1927 1262 1975 nomen
1308 1902 1564 1975 subire
1605 1903 2014 1994 sustinuit3
2067 1925 2182 1976 ve·
2223 1931 2230 1958 =

157 2043 319 2090 rum
340 2018 583 2092 alium
607 2020 989 2121 quendam
1008 2035 1082 2093 et
1100 2019 1419 2094 fortunae
1438 2023 1782 2119 ignotum
1810 2021 2178 2098 honorem

160 2140 513 2236 quaesivit.
544 2143 731 2214 Nam
756 2157 803 2214 'e
824 2139 1193 2240 Capitolio
1222 2155 1393 2240 post
1416 2139 1900 2240 triumphum
1931 2141 2013 2210 in
2050 2163 2178 2210 cu·

160 2255 337 2338 riam
357 2253 679 2348 vehens,
704 2251 886 2330 'cum
917 2281 958 2327 e
985 2255 1464 2356 principibus
1480 2258 1848 2332 exercitus
1865 2254 2179 2355 quidam

154 2372 645 2469 procurrisset
667 2367 1173 2474 coronamque
1197 2375 1458 2472 ignaro
1478 2373 1953 2473 imposuisset
1971 2424 1992 2461 ,
2021 2371 2182 2470 ipse

158 2487 599 2586 prehensam
639 2491 871 2564 iratus
923 2489 1239 2590 projecit
1258 2545 1281 2580 ‚
1334 2491 1552 2590 quasi
1585 2489 2214 2589 ignominiosum·

160 2603 294 2678 sihi
326 2619 542 2679 ratus
567 2660 588 2697 ‚
624 2609 732 2699 si,
766 2609 905 2707 qui
953 2622 1067 2680 tot
1102 2631 1309 2707 reges
1363 2608 1445 2680 in
1498 2608 1932 2680 servitutem
1975 2602 2180 2676 rede·

164 2725 377 2821 gisset
400 2777 423 2815 ,
466 2725 857 2826 ipsamque
879 2723 1263 2814 fortunam
1290 2738 1746 2825 superasset,
1779 2748 1908 2796 rex
1933 2718 2182 2820 adpel-

162 2835 461 2914 latetur.
504 2845 615 2914 Ita
647 2839 997 2920 felicitate
1045 2841 1379 2942 repletus
1402 2895 1423 2932 ,
1468 2841 1596 2915 vix
1628 2838 1814 2912 deus
1845 2835 2075 2912 simul
2108 2851 2185 2910 et

161 2955 499 3056 pontifex
524 3013 547 3050 ,
568 2973 647 3032 et
679 2957 990 3051 consul,
1011 2959 1105 3034 'et
1141 2975 1556 3060 perpetuus
1592 2972 1836 3032 rector
1858 3011 1881 3048 ,
1911 2959 2186 3030 Roma-

162 3102 593 3178 norumque
624 3082 923 3178 primus
943 3134 968 3169 ‚
1000 3090 1209 3152 tutor
1236 3103 1413 3152 vero
1435 3079 1786 3152 omnium
1816 3075 2021 3151 orbis
2042 3090 2184 3149 ter·

156 3217 409 3282 rarum
446 3221 707 3294 regum
726 3250 749 3287 ,
795 3210 870 3280 et
904 3195 1253 3293 magister
1278 3197 1624 3293 equitum
1647 3249 1668 3284 ,
1710 3207 1786 3264 et
1811 3206 2024 3292 pater
2055 3216 2182 3292 pa-

156 3317 309 3388 triae
332 3369 357 3404 ‚
385 3329 461 3387 et
499 3317 905 3424 imperator
922 3371 943 3406 ‚
969 3329 1045 3387 et
1074 3328 1323 3388 custos
1348 3311 1596 3400 urhis,
1627 3326 1702 3384 et
1733 3313 2029 3411 primus
2053 3311 2184 3385 tri-

153 3431 545 3508 bunorum
576 3435 819 3536 plebis
837 3434 1193 3534 adpellari
1219 3433 1463 3508 voluit
1481 3488 1503 3526 ,
1532 3447 1809 3506 vestem
1841 3429 1996 3504 haec
2024 3453 2181 3505 om-

152 3553 279 3624 nia
320 3551 780 3626 indicantem
811 3551 1129 3625 indutus
1168 3578 1185 3622 z
1222 3575 1389 3650 quae
1420 3549 1729 3648 quidem
1765 3546 2182 3646 triumpha-

150 3669 244 3741 lis
270 3669 473 3742 dieta
506 3683 662 3758 est;
710 3691 961 3766 neque
1010 3667 1217 3738 enim
1266 3663 1479 3738 facile
1512 3679 1670 3738 erat
1695 3719 1715 3755 ‚
1751 3679 1900 3736 tam
1941 3663 2182 3736 multa

151 3783 587 3886 significans
634 3810 911 3859 nomen
943 3785 1131 3858 vesti
1170 3785 1515 3884 reperire.
1575 3785 1748 3854 Erat
1780 3795 2032 3852 autem
2065 3795 2182 3854 tu·

150 3908 352 4000 nica,
380 3908 701 3980 interius
721 3911 1103 4005 purpurea
1124 3961 1147 3992 ,
1182 3891 1506 3978 exterius
1530 3927 1707 3978 vero
1732 3915 1884 3975 tota
1915 3925 2138 3974 aurea
2154 3943 2180 3984 ‚

150 4025 367 4154 quasi
402 4023 633 4128 ducto
656 4049 845 4106 auro
867 4021 1141 4143 rigida3
1168 4047 1308 4100 nec
1340 4045 1499 4114 non
1522 4018 1688 4110 loro
1709 4041 2038 4134 superne
2064 4043 2180 4111 or-
