3050 5017
877 454 1195 551 xxxviii
1519 476 2266 535 COMMENTAnms
2302 536 2317 553 ,

873 648 1027 721 que
1039 622 1278 721 major
1287 620 1535 698 multo
1554 622 1867 700 videtur
1876 624 2079 702 inter
2096 652 2276 703 eum
2288 636 2363 702 et
2384 624 2863 707 Allatianum
2876 690 2905 729 ,

869 780 1102 853 quem
1155 752 1314 830 fere
1346 753 1759 833 Schowius
1804 760 1887 835 in
1922 758 2253 837 editione
2300 762 2677 862 expressit
2706 820 2732 861 ‚
2780 764 2905 841 di-

865 889 1290 985 screpantia
1353 946 1376 987 ‚
1464 914 1699 989 quam
1761 916 1935 990 quae
1992 918 2153 969 esse
2211 894 2405 971 solet
2460 896 2663 973 inter
2736 896 2903 974 duo

859 1021 1328 1119 exemplaria
1361 1078 1384 1118 ,
1431 1050 1480 1097 a
1522 1022 1825 1101 duobus
1858 1025 2177 1104 eruditis
2234 1028 2430 1107 viris
2478 1056 2582 1108 ex
2620 1029 2900 1111 eodem

859 1154 994 1231 sed
1023 1156 1392 1233 mendoso
1433 1156 1695 1234 codiee
1737 1158 2131 1261 descripta.

573 1432 743 1479 xvu.
955 1422 1238 1499 XVII.
1273 1426 1343 1503 4.
1373 1430 1402 1518 )
1453 1425 1555 1501 In
1601 1426 2023 1527 exemplari
2050 1427 2311 1529 aliquo
2336 1456 2381 1507 a
2406 1428 2639 1505 Petro
2661 1430 2891 1510 Lam·

499 1520 805 1571 mamm
849 1558 1069 1634 becio
1109 1556 1308 1635 facto
1345 1617 1366 1658 ,
1423 1586 1601 1636 cum
1629 1561 1830 1685 eirea
1851 1588 1919 1636 a.
1966 1562 2160 1638 1650
2193 1564 2282 1637 in
2306 1562 2529 1639 Italia
2558 1590 2893 1641 morare-

845 1704 980 1767 tur
1013 1748 1034 1782 ‚
1118 1693 1343 1790 item,
1399 1704 1488 1768 ut
1541 1696 1821 1792 opinor
1842 1750 1863 1789 ,
1940 1721 2042 1771 ex
2098 1694 2380 1769 Codice
2432 1696 2883 1775 Bal-berino,

846 1828 1054 1905 Nam
1123 1840 1324 1904 certe
1382 1828 1705 1905 assiduis
1766 1828 1975 1931 Lydi
2025 1829 2589 1907 laudationibus
2660 1832 2897 1909 loeis-
3029 1860 3030 1867 ¹

843 1988 998 2063 que
1032 1988 1138 2039 ex
1181 1962 1320 2041 illo
1371 1964 1879 2063 transscriptis
1922 1965 2373 2040 Lambecius
2404 1964 2891 2044 animadver-

840 2098 1092 2175 siones
1143 2098 1230 2174 in
1279 2097 1667 2178 Codinum
1708 2124 1880 2175 suas
1930 2098 2230 2175 refersit
2270 2098 2509 2175 Paris.
2559 2125 2602 2175 e
2654 2111 2885 2203 typo-

833 2232 1148 2333 graphia
1209 2236 1402 2334 Reg.
1479 2232 1695 2311 1655.
1764 2233 1936 2308 Fol.
2006 2260 2173 2343 pag.
2240 2232 2381 2312 152
2436 2233 2593 2308 No.
2655 2234 2756 2311 26
2804 2251 2887 2313 et

835 2358 958 2464 27.
1015 2389 1178 2466 pag.
1251 2368 1394 2443 155
1449 2366 1604 2440 No.
1657 2366 1754 2441 28
1804 2376 1881 2441 et
1937 2390 2058 2470 29.
2105 2391 2271 2466 pag.
2332 2367 2477 2443 154
2526 2366 2683 2442 No.
2749 2372 2879 2446 51.

830 2528 994 2602 pag.
1061 2500 1204 2577 155
1254 2502 1408 2576 No.
1475 2500 1598 2575 52.
1663 2525 1828 2600 pag.
1887 2526 2025 2601 172
2082 2502 2235 2578 No,
2298 2500 2420 2577 65.
2497 2528 2663 2602 pag.
2724 2507 2879 2581 208
3031 2518 3032 2593 ᾗ

831 2638 985 2713 No.
1031 2634 1174 2719 154
1213 2662 1231 2710 :
1265 2636 1471 2711 unde
1509 2644 1752 2733 patet,
1798 2662 1977 2711 eum
2012 2637 2098 2711 in
2126 2636 2483 2713 manibus
2513 2635 2878 2715 habuisse

828 2767 1164 2870 Lydum.
1193 2772 1500 2845 Etcum
1528 2768 1614 2842 in
1642 2768 1985 2867 Epistola
2010 2768 2105 2844 ad
2129 2767 2625 2843 Franciscum
2664 2776 2869 2851 Bar-

826 2905 1188 2981 berinum
1220 2902 1699 2979 Cardinalem
1725 2957 1748 2998 ,
1820 2900 2069 2976 eidem
2115 2900 2296 2977 edit.
2344 2903 2659 3001 praefixa
2682 2962 2705 3002 ,
2734 2908 2869 2983 Bi·

825 3036 1290 3117 bliotheeam
1313 3039 1561 3137 ipsam
1609 3035 2104 3111 Barberinam
2142 3035 2472 3111 celebret
2506 3064 2669 3138 pag.
2716 3062 2817 3115 111
2836 3100 2861 3139 ,

827 3198 983 3278 qua
993 3189 1166 3274 post
1187 3176 1273 3251 V
1263 3179 1647 3248 atioanam
1664 3171 1865 3245 nihil
1872 3172 2542 3270 Romperfectius
2552 3174 2867 3269 habeat,

833 3328 971 3387 aut
993 3310 1589 3410 magnificentius
1611 3360 1641 3396 ,
1674 3330 1985 3405 seseque
2014 3308 2272 3406 ipsum
2298 3330 2463 3405 pag.
2494 3330 2555 3379 v
2579 3308 2860 3385 Romae
2914 3356 2923 3361 -

819 3472 968 3547 per
991 3451 1358 3542 integrum
1391 3440 1769 3515 biennium
1818 3444 1899 3513 in
1950 3443 2139 3514 aula
2190 3440 2627 3515 cardinalis
2664 3468 2861 3518 com-

827 3594 1238 3659 morantem
1272 3577 1454 3675 plue
1505 3576 1589 3644 in
1636 3573 1800 3644 luce
1848 3574 1991 3646 illa
2025 3586 2097 3647 et
2160 3578 2475 3671 strepitu
2538 3579 2793 3653 aulico
2817 3635 2852 3671 ,

827 3740 1060 3816 quam
1087 3718 1171 3787 in
1203 3712 1360 3787 ullo
1391 3708 1804 3783 academice
1831 3730 2123 3781 recessu
2148 3720 2223 3780 et
2251 3710 2518 3784 umbra
2538 3765 2563 3797 ,
2596 3715 2864 3811 profe-

822 3856 1012 3923 cisse
1042 3854 1358 3923 testetur
1376 3898 1399 3940 ,
1428 3866 1689 3920 nonne
1708 3837 2122 3917 admodum
2146 3840 2507 3919 credibile
2528 3842 2665 3942 fit,
2700 3846 2851 3923 ibi-2

819 3984 996 4065 dem
1033 4008 1214 4063 eum
1239 3980 1324 4063 in
1365 3976 1781 4083 Barbqrina
1814 3975 2289 4077 Bibliotheca
2339 3978 2565 4057 illum
2626 3980 2839 4083 Lydi
