3050 5017
807 407 1007 503 lxxij
1436 430 2210 485 comucwrsnius

804 574 1176 671 impresso
1202 574 1406 648 Part.
1442 574 1531 647 ΙΙ
1563 598 1724 672 pag.
1753 574 1901 649 350
1927 572 2327 651 undecimo
2345 578 2626 653 soeculo
2645 577 2832 653 assi·

800 720 1077 805 gnatur
1114 738 1130 778 :
1168 706 1300 781 sed
1328 732 1744 805 perperam.
1777 707 2060 781 Leonis
2090 721 2346 785 autem
2383 710 2832 809 philosophi

799 842 1235 939 principatu
1261 840 1475 915 velut
1514 840 1644 913 liic
1685 840 2064 939 multique
2089 842 2222 917 alii
2263 901 2283 939 ,
2341 845 2452 919 sic
2509 844 2832 920 fortasse

796 975 1025 1049 etiam
1060 975 1503 1087 Caseolinus
1541 974 1868 1069 scriptus
1903 972 2149 1051 codex
2186 976 2320 1051 es't.
2355 979 2450 1055 In
2478 1005 2638 1077 quo
2668 977 2830 1052 duo

794 1109 1279 1207 potissimum
1308 1106 1740 1207 singularia·
1805 1105 2216 1201 Alterumfl
2254 1138 2430 1187 cum
2477 1113 2824 1210 plerique

790 1238 1024 1340 hujus
1056 1246 1295 1321 aetatis
1318 1242 1534 1321 codd.
1567 1240 1762 1317 binis
1793 1239 2173 1319 columnis
2207 1246 2470 1342 scripti
2499 1246 2656 1319 sint
2685 1299 2708 1337 ,
2746 1246 2829 1318 in

793 1388 1059 1451 nostro
1094 1404 1251 1455 uno
1278 1391 1540 1456 tenore
1573 1376 1810 1451 lineas
1831 1375 1999 1475 legi.
2029 1376 2414 1466 Alterum,
2454 1403 2593 1475 pro
2635 1390 2830 1453 tem-

792 1538 979 1609 poro
1000 1514 1138 1589 illo
1158 1516 1441 1590 Leonis
1472 1502 1946 1612 philosophi,
1991 1512 2439 1587 scholastico
2471 1539 2650 1587 saue
2697 1539 2828 1585 co·

792 1624 1205 1743 dicumque
1240 1644 1942 1739 confidentissimo,
1989 1646 2320 1744 insignes
2367 1672 2524 1721 esse
2557 1646 2642 1719 in
2671 1645 2816 1719 illo

794 1804 971 1853 cum
1024 1782 1417 1857 Itacismos
1444 1838 1466 1877 ‚
1520 1793 1687 1853 tum
1735 1775 2140 1854 aliusmodi
2178 1804 2490 1854 errores.
2555 1780 2820 1877 Atque

790 1936 949 1985 non
978 1914 1271 2011 ignoro,
1304 1917 1612 1991 Graecos
1643 1910 1962 2009 Syllano
1991 1926 2332 2011 tempore
2361 1942 2390 1983 ε
2417 1922 2496 1985 et
2516 1942 2607 2005 αι,
2635 1914 2824 1985 item

792 2074 813 2113 ι
842 2056 917 2117 et
941 2016 989 2118 ei
1010 2104 1031 2142 ,
1066 2049 1145 2123 in
1167 2076 1517 2127 sermone
1548 2072 1811 2147 pressu
1833 2048 1988 2122 oris
2007 2059 2082 2121 et
2111 2072 2302 2121 sono
2331 2070 2524 2144 aegre
2557 2043 2824 2120 distin-

788 2179 1034 2278 xiuse,
1086 2185 1133 2255 J
1138 2187 1562 2262 ustinianeo
1595 2208 1694 2257 no
1721 2180 2077 2278 ‘quidem
2101 2192 2178 2254 et
2201 2202 2258 2263 η·
2291 2178 2372 2253 id
2417 2177 2647 2253 credo
2691 2180 2824 2253 ob·-

788 2338 1101 2389 scurum
1120 2344 1278 2391 non
1307 2344 1467 2393 esse
1490 2343 1593 2391 ex
1611 2327 2010 2389 auctorum
2033 2314 2487 2389 testimoniis
2502 2369 2525 2407 ‚
2552 2338 2656 2388 ex
2686 2339 2828 2387 nu-

788 2445 977 2541 mia,
1046 2472 1143 2523 ex
1180 2450 1844 2548 inscriptionibus,
1895 2475 1938 2523 e
1971 2446 2431 2523 membranis
2459 2456 2827 2543 pervetu-

790 2579 925 2652 stis
957 2579 1841 2679 innumerabilibus.Ego
1870 2592 2068 2655 certe
2101 2578 2407 2655 nullum
2437 2577 2607 2653 vidi
2636 2604 2826 2677 grae-

791 2740 973 2791 cum
1024 2714 1359 2793 codicem
1384 2774 1406 2813 ,
1476 2746 1655 2795 cum
1709 2719 1993 2793 multos
2049 2716 2427 2791 tractarim
2449 2772 2506 2811 ,.
2541 2732 2827 2815 eosque

789 2851 1243 2925 veterrimos
1303 2878 1463 2927 saec.
1494 2872 1584 2925 v1
1623 2864 1700 2925 et
1751 2875 1871 2925 vu
1894 2905 1917 2946 ,
1975 2850 2167 2949 quin
2203 2850 2312 2925 ibi
2361 2846 2828 2925 offenderem

790 2981 1161 3079 quosdam
1194 2984 1611 3059 Itacismos.
1648 2986 1803 3059 Tot
1837 2994 2090 3060 autem
2119 3037 2142 3073 ,
2197 2992 2387 3079 quot
2415 2982 2498 3055 in
2543 2982 2828 3059 Codice

790 3114 1187 3191 Caseolino
1212 3172 1233 3212 ‚
1280 3118 1366 3193 in
1390 3116 1616 3193 nullo
1643 3117 2000 3211 memini,
2056 3115 2288 3213 hujus
2317 3128 2518 3190 certe
2559 3120 2822 3193 aetatis.

789 3248 994 3325 Nam
1042 3248 1627 3327 confunduntur
1665 3278 1824 3327 non
1877 3249 2159 3325 modo'e
2201 3260 2280 3323 et
2319 3278 2414 3345 ει,
2467 3281 2488 3320 ι
2535 3262 2614 3325 et
2659 3284 2741 3345 η,
2791 3284 2826 3333 η

792 3393 870 3455 et
900 3406 968 3455 ει·
1000 3384 1248 3457 item&
1274 3353 1349 3455 et
1383 3414 1457 3478 υ,
1514 3415 1541 3455 ε
1571 3396 1646 3457 et
1683 3416 1784 3479 αι,
1821 3414 1852 3455 ο
1881 3395 1956 3457 et
2003 3414 2086 3478 ω,
2141 3414 2174 3455 υ
2203 3393 2278 3457 et
2309 3405 2384 3454 οι·
2433 3408 2608 3479 quae
2643 3397 2830 3461 sunt

791 3514 1067 3591 menda
1113 3516 1455 3613 vulgaria
1486 3544 1502 3588 :
1535 3515 1668 3591 sed
1699 3515 2086 3592 interdum
2121 3516 2349 3595 etiam
2368 3571 2391 3612 ,
2445 3518 2662 3615 quod
2691 3546 2824 3595 ra·-

786 3652 951 3725 rius
994 3648 1157 3723 vidi
1186 3650 1272 3723 in
1303 3646 1538 3725 Codd.
1573 3661 1746 3723 ante
1776 3660 2118 3749 tempora
2153 3652 2679 3728 Comneniana
2701 3710 2721 3748 ,
2789 3684 2826 3727 υ

788 3795 1014 3879 atque
1042 3814 1129 3879 οι,
1175 3808 1351 3859 cum
1380 3814 1431 3879 ι,
1466 3813 1514 3855 ει
1537 3796 1762 3881 atque
1795 3806 1855 3867 η·
1887 3785 2047 3860 imo
2067 3843 2088 3883 ,
2115 3785 2324 3883 quod
2345 3786 2824 3865 rarissimum

790 3904 905 3995 esf
928 3919 1008 3993 in
1036 3915 1277 3994 Codd.
1300 3912 1704 4015 cujuslibet
1737 3896 2004 4020 aciatis,
2064 3952 2102 3995 σ
2123 3934 2198 3999 et
2229 3927 2299 4035 fij
2327 3922 2514 3997 item
2545 3954 2616 3995 ου
2645 3936 2722 3997 et
2751 3956 2820 3997 ω.

2415 4055 2818 4133 XXXIV.
