3050 5017
753 507 876 564 DE
923 507 1296 567 sonu-113
1345 507 1632 565 LYno.
2156 507 2219 562 V

171 657 262 734 in
291 653 566 740 eodem
597 654 852 734 officio
893 669 1064 734 tum
1113 657 1378 756 agebat
1415 654 1781 755 patruelis
1818 655 1979 754 ejus
2011 651 2217 732 Am·-

169 790 483 868 mimus
505 847 534 888 ‚
591 789 812 890 cuius
857 788 1196 873 consiliis
1261 800 1490 888 atque
1564 785 1831 864 officiis
1898 799 1974 862 et
2032 786 2216 862 alias

175 947 384 1022 saepe
405 947 594 1000 usus
621 935 766 1020 est,
797 935 876 999 et
903 922 1241 1000 maxime
1261 921 1348 998 in
1367 918 1716 996 ducenda
1744 943 2028 996 uxore:
2051 931 2223 994 tum

179 1061 493 1159 copiosa
527 1059 782 1161 (dotis
824 1060 1188 1137 videlieet
1219 1059 1305 1133 C.
1330 1057 1704 1135 librarum
1744 1058 1914 1134 auri
1941 1055 1971 1156 )
2001 1083 2019 1132 t
2054 1069 2223 1134 tum

183 1195 418 1270 etiam
439 1196 757 1294 probata
768 1252 791 1293 ,
835 1220 989 1294 qua
1015 1217 1135 1271 111.
1165 1193 1260 1268 28
1283 1250 1306 1291 ,
1339 1219 1508 1293 pag.
1548 1195 1715 1294 198.
1750 1205 1976 1292 negat
2006 1185 2226 1290 ‘quic-

183 1353 424 1427 quam
473 1326 714 1406 fuisse
763 1327 1066 1404 castius.
1095 1325 1466 1406 Ascendit
1511 1325 1827 1403 interim
1866 1324 1961 1401 ad
1994 1324 2228 1424 primi

189 1463 662 1540 chartularii
706 1464 968 1542 locum
989 1521 1014 1563 ‚
1063 1488 1342 1563 magno
1389 1461 1731 1559 honore,
1778 1487 2031 1562 neque
2066 1467 2229 1538 un'-

187 1623 472 1696 quam,
531 1610 624 1674 ut
661 1620 778 1672 m.
808 1623 949 1698 27,
1015 1623 1093 1697 p.
1154 1601 1322 1698 196.
1358 1597 1624 1674 scribit
1650 1651 1673 1691 ,
1719 1595 1865 1671 ulli
1910 1597 2227 1674 habito:

185 1727 406 1830 quod
439 1728 853 1828 Adiutores
889 1731 1238 1811 Actuarii
1261 1787 1284 1828 ,
1331 1729 1426 1806 ad
1467 1729 1679 1807 hunc
1705 1729 2023 1831 gradum
2056 1757 2229 1831 pro·

189 1879 598 1944 moventes
615 1925 640 1966 ‚
669 1893 852 1947 eum
879 1869 1088 1946 ultro
1134 1869 1524 1969 elegerunt
1546 1925 1569 1966 ,
1612 1868 2235 1969 stipendiumque

193 2027 548 2079 annuum
583 2005 1148 2081 constituerunt
1183 2001 1607 2080 solidorum
1627 2025 1844 2080 κων
1879 2030 1897 2077 2
1928 2003 2237 2080 adlectis

181 2135 500 2215 duobus
527 2137 698 2214 aliis
717 2171 750 2224 ,¹
783 2139 1032 2239 iisque
1063 2137 1374 2214 senibus
1398 2194 1422 2235 ,
1471 2139 1605 2237 qui
1636 2141 1957 2237 pecunia
1989 2141 2240 2216 oblata

183 2272 410 2350 idem
464 2295 752 2350 munus
804 2275 1315 2350 obtinuerant.
1385 2271 1635 2374 quue
1660 2331 1683 2371 ,
1750 2274 1917 2352 sive
1986 2275 2241 2352 zotici

187 2410 284 2486 P.
314 2411 404 2486 P.
423 2463 452 2508 ,
489 2411 658 2488 sive
687 2409 884 2488 alius
920 2411 1342 2510 cujuspiam
1384 2409 1590 2509 Lydi
1646 2411 1953 2510 patroni
2004 2411 2243 2510 gratia

189 2546 580 2622 tributum
603 2546 680 2622 ei
705 2555 822 2620 est
841 2601 864 2642 ‚
898 2541 1109 2645 quod
1135 2545 1527 2646 suspicor:
1574 2569 1711 2620 seu
1760 2571 1942 2622 vere
1960 2600 1984 2642 ,
2031 2544 2247 2645 quod

189 2682 366 2781 ipse
416 2679 593 2756 vult
637 2679 968 2780 intelligi
987 2734 1012 2777 ,
1069 2680 1170 2753 ob
1211 2677 1493 2778 linguas
1540 2677 1797 2754 latinas
1835 2677 2243 2778 perfectam

195 2817 596 2894 scientiam
621 2873 644 2914 ,
677 2813 774 2891 de
795 2841 951 2916 qua
983 2817 1362 2916 praecipue
1387 2791 1795 2914 gloriatur:
1822 2826 1900 2890 et
1926 2816 2247 2892 omnino

203 2951 310 3026 ob
349 2947 858 3047 multiplicem
897 2949 1062 3042 eins
1093 2947 1523 3024 doctrinam
1556 2976 1576 3023 ι
1620 2975 1781 3025 non
1815 2949 2065 3025 solum
2104 2948 2248 3025 ho-

207 3081 560 3160 norabile
617 3083 693 3158 ei
741 3079 895 3158 fuit
918 3137 944 3179 ‚
999 3081 1132 3158 sed
1183 3083 1410 3160 etiam
1456 3093 2001 3183 quoestuosum.
2042 3082 2251 3159 Nam

206 3229 488 3320 praeter
536 3216 978 3324 Personalia
999 3271 1022 3312 ,
1085 3215 1553 3308 Quotidiana
1577 3273 1604 3308 ,
1668 3217 2193 3317 suggestiones
2222 3273 2251 3315 ‚

207 3375 411 3452 quas
429 3353 950 3430 conscribebat
983 3352 1298 3430 nomine
1340 3350 1808 3451 Adjutorum
1832 3408 1855 3449 ,
1882 3366 2255 3452 operas-et

207 3487 560 3564 Notat-iis
581 3543 606 3582 ,
641 3497 722 3561 et
759 3486 842 3562 in
865 3491 1164 3562 'secreto
1188 3483 1668 3564 Praefecturae
1691 3485 2254 3587 Exceptoribus

208 3645 526 3720 magnas
551 3619 820 3696 dedit-t
863 3619 1020 3698 vid.
1063 3606 1254 3697 ibid.
1293 3643 1427 3713 111,
1452 3619 1962 3724 27,pag.196:
1992 3621 2255 3720 sieque

207 3755 290 3840 si
329 3757 592 3833 minus
631 3757 958 3858 publicae
991 3815 1016 3858 ,
1066 3756 1424 3837 familiari
1468 3773 1671 3840 certe
1725 3759 1860 3841 rei¹
1894 3782 2259 3859 compen-

211 3889 506 3992 dioque
541 3918 684 3970 suo
715 3895 1054 3972 maxime
1083 3894 1376 3976 serviit.
