3050 5017
1036 465 1365 526 ΙΝῡΕΧι
1504 531 1525 556 x
2123 483 2198 562 ‚9

276 571 347 676 [⁴2.
397 595 507 664 De
540 588 883 690 praefecto
917 590 1264 688 pra-torio
1290 603 1365 660 et
1389 583 1792 687 adparent'e
1827 594 1896 664 ei
1925 592 2198 668 officie.

172 711 281 780 De
320 707 749 807 insignibus
782 705 1231 806 praefecturae
1277 707 1606 804 praetorii
1641 761 1662 795 ,
1717 707 1962 806 deque
1999 735 2203 782 sum—

176 827 325 898 mis
354 827 521 921 ejus
561 825 889 922 judiciis.
932 825 1183 896 Primo
1232 824 1694 922 magistratui
1747 823 2204 903 destinatum

174 943 615 1040 praetorium
654 940 837 1013 olim
874 965 1033 1012 non
1072 937 1315 1012 fuisse.

284 1055 351 1130 5.
406 1063 514 1130 De
540 1059 943 1156 magistris,
979 1071 1052 1128 et
1080 1080 1309 1153 quem
1341 1057 1678 1153 primum
1711 1053 2031 1132 electum
2057 1083 2212 1150 esse

180 1175 495 1248 historia
520 1171 809 1246 referat.
848 1173 1047 1246 Olim
1097 1171 1628 1245 frumentarios
1671 1191 1968 1250 vocatos
2003 1202 2214 1271 esse,

178 1315 375 1391 quos
412 1315 623 1362 nunc
668 1289 1185 1386 magistrianos
1222 1303 1509 1363 vocant.

281 1408 355 1482 6.
393 1413 503 1480 De
526 1405 870 1509 praefecto
894 1405 1243 1504 Scythiae,
1262 1406 1361 1486 ‚de
1385 1421 1700 1506 praetore
1723 1411 2216 1504 Justinianem

114 1589 137 1602 .
180 1525 277 1599 de
310 1527 665 1624 magistro
700 1543 1067 1598 censuum
1114 1539 1189 1596 et
1234 1523 1327 1596 de
1372 1526 1770 1622 quaesitore
1803 1554 1823 1618 ;
1879 1525 2016 1600 hos
2063 1555 2218 1604 ma·

178 1645 533 1741 gistratus
568 1665 723 1712 non
778 1657 943 1712 tum
980 1642 1316 1738 primum
1360 1643 1850 1738 excogitatos,
1915 1644 2046 1718 sed
2095 1665 2220 1720 nea-

177 1761 459 1860 glectos
483 1771 869 1832 revocatos
882 1755 1133 1830 fuisse.

284 1903 351 1976 7.
402 1881 511 1948 De
548 1873 801 1948 officio
846 1873 1361 1974 praefectorum
1417 1880 1764 1975 praetorio
1805 1933 1828 1966 ‚
1907 1880 2224 1980 ejusque

180 1992 579 2092 oetalogis,
632 1993 1219 2082 consuetudine,
1258 1995 1627 2072 institutis
1651 2051 1672 2084 ‚
1723 1995 2041 2088 chartis,
2097 1999 2221 2070 def-

182 2137 337 2212 que
367 2109 681 2207 reliquis
711 2109 1183 2206 antiquitatis
1215 2111 1719 2200 ornamenti35
1769 2126 1844 2182 et
1879 2131 2066 2210 quas
2119 2113 2220 2188 oh

178 2251 437 2303 causas
470 2225 801 2324 neglecta
840 2224 1145 2296 fuerint.

289 2346 359 2418 8.
413 2347 569 2416 Cur
600 2341 803 2414 idem
852 2337 1139 2414 fiumen
1182 2365 1393 2414 nunc
1426 2345 1656 2432 Ister,
1713 2366 1926 2416 nunc
1961 2348 2213 2420 Danu-⁶

179 2461 356 2536 bius
374 2457 811 2558 adpelletur.
836 2457 1235 2548 Quomodo
1259 2483 1433 2531 cum
1458 2461 1692 2531 Persis
1705 2461 2212 2559 pugnandum

181 2577 603 2654 secundum
638 2577 961 2647 tacticOS.

278 2723 353 2794 9.
401 2691 725 2786 Quando
752 2707 827 2764 et
858 2714 1087 2792 quam
1125 2690 1225 2764 ob
1254 2711 1548 2766 causam
1595 2693 1992 2766 inventum
2031 2698 2208 2767 scri·-

182 2815 603 2887 niariorum
660 2833 956 2908 corpus.
1012 2807 1229 2880 Unde
1282 2803 1802 2882 introductum
1855 2813 2206 2886 cancella·-

180 2935 477 3006 riorum
517 2952 794 3000 nomen
816 2981 837 3016 ,
880 2941 953 2998 et
980 2951 1117 2998 cur
1148 2927 1249 2998 ita
1282 2907 1635 3024 adpellati
1665 2925 1970 3002 fuerint.
2003 2933 2208 3021 Quas

52 3055 57 3059 ’
182 3047 283 3123 ‘ob
320 3069 581 3120 causas
614 3045 979 3118 corruerit
1022 3036 1357 3114 officium
1398 3070 1419 3132 ;
1480 3041 1714 3138 hujus
1757 3045 1864 3116 rei
1908 3051 2204 3120 Anasta·

181 3169 379 3240 sium
420 3165 944 3262 imperatorem
974 3185 1109 3258 per
1133 3161 1842 3238 MarinunLcausam
1873 3157 2124 3240 fuisse.
2183 3197 2195 3206 ·

293 3307 406 3354 10.
446 3279 669 3352 Unde
685 3275 1247 3350 Durrhachium
1272 3274 1601 3363 dicatur,
1625 3299 1792 3372 quae
1813 3266 1998 3347 olixn
2027 3279 2197 3378 Epi-

180 3397 532 3474 damnus.

290 3546 319 3594 1
343 3544 371 3589 1
389 3574 407 3591 .
459 3517 696 3615 Regni
731 3514 1093 3588 Anastasii
1136 3511 1559 3611 descriptiO.
1839 3521 1862 3560 s

288 3653 405 3711 11.
447 3641 603 3710 Cur
634 3639 861 3707 Persae
892 3657 937 3704 a
975 3629 1373 3718 Romanis,
1428 3655 1606 3702 cum
1653 3630 2077 3728 antiquitus
2124 3632 2204 3706 id

180 3755 463 3830 factum
506 3778 664 3826 non
693 3755 823 3843 sit,
860 3751 1261 3849 pecuniam
1296 3764 1663 3847 perpetuo
1688 3802 1710 3837 ,
1751 3749 1963 3845 quasi
1999 3749 2203 3844 debi-

182 3889 335 3946 tam
362 3928 383 3963 ‚
440 3871 757 3968 exigant.
796 3871 903 3940 De
928 3865 1143 3965 lapsu
1172 3863 1582 3938 Antiochiae
1603 3919 1622 3956 ‚
1651 3863 1984 3965 Daphnae
2010 3866 2202 3964 adja-

178 3992 419 4063 centis
441 4041 465 4081 ,
514 3987 761 4086 deque
796 3989 1179 4058 Persarum
1214 3983 1620 4056 invasione.

1893 4123 1936 4168 ει
