3050 5017
446 499 1015 570 &innormen
1065 505 1455 571 hominm
1490 502 1666 574 ἰἰυ.
1720 515 1806 577 ir.
2001 523 2132 578 ut

88 635 347 700 mone
380 652 579 702 onus
608 643 939 703 vocatur.
982 635 1353 706 Hactenus
1386 633 1481 704 de
1523 633 1668 708 hoc
1703 664 1720 707 τ
1750 636 1843 708 ad
1871 661 2144 738 propo-

88 747 351 818 ‘situm
405 763 885 820 revertamur.

216 860 341 938 15.
368 867 728 957 Lexerat,
763 865 1085 966 (etenim
1121 889 1372 966 nuper
1398 859 1689 941 interiit
1715 867 1746 966 )
1777 883 1864 942 ut
1899 873 2033 970 qui
2065 873 2148 944 in

98 984 537 1082 ‘provinciis
582 1007 839 1056 causas
862 983 1230 1075 dicerent,
1270 1003 1315 1056 a
1358 987 1750 1058 sententiis
1777 991 2154 1088 magistra-

102 1114 237 1174 tus
269 1117 447 1202 post
464 1099 1040 1201 adpellationem
1064 1101 1340 1173 iterum
1371 1126 1489 1173 eas
1508 1153 1528 1192 ,
1565 1103 1763 1175 intra
1791 1109 2157 1205 praestitu-

104 1235 293 1292 tum
326 1235 667 1320 tempus,
700 1221 913 1316 juxta
950 1218 1185 1318 legem
1224 1217 1317 1291 de
1348 1218 1981 1318 adpellationibus
2003 1278 2022 1312 ,
2060 1211 2159 1294 ad

103 1339 643 1435 magistratum
674 1337 1099 1427 mitterent}
1151 1337 1290 1434 qui
1320 1351 1571 1409 autem
1598 1339 1679 1425 in
1705 1329 2164 1414 archaeoticis

107 1453 573 1544 dicasteriis,
596 1453 690 1526 ab
714 1451 991 1526 horum
1024 1451 1418 1524 sententiis
1451 1454 1547 1525 ad
1589 1455 2160 1554 imperatorem:

113 1587 193 1644 et
231 1569 383 1642 illoe
422 1569 731 1668 quidem
762 1568 1241 1668 temporales,
1270 1569 1345 1641 id
1378 1583 1528 1658 est,
1557 1572 1771 1642 intra·
1791 1587 2161 1646 statutum

117 1701 439 1788 tempus
475 1685 971 1784 transigendae
990 1741 1012 1778 ,
1048 1686 1297 1759 vocari
1334 1685 1713 1780 solebant3
1762 1687 1872 1760 hae
1908 1703 2165 1763 autem

114 1821 389 1894 sacrae,
418 1801 655 1894 idest,
678 1801 983 1890 divinoe3
1003 1802 1215 1900 quia,
1242 1813 1332 1872 ut
1352 1801 1550 1891 dixi,
1571 1803 1664 1874 ad
1699 1805 2169 1904 imperatoris

114 1921 594 1996 audientiam
631 1935 801 2019 post
835 1916 1414 2018 adpellationem
1452 1919 1950 1994 mittebantur
1987 1956 2001 1992 :
2055 1947 2172 1995 res

118 2059 433 2112 summa
504 2033 737 2136 digna
795 2025 1291 2108 admiratione
1336 2090 1356 2122 ‚
1438 2051 1515 2108 et
1564 2035 2172 2112 fortunatissimae

122 2157 565 2261 reipublicae
590 2157 987 2231 indicium.
1021 2159 1437 2255 Imperator
1470 2155 1990 2230 Romanorum
2028 2159 2171 2231 hu-

126 2279 343 2353 milis
366 2277 643 2375 judicis
674 2293 961 2348 munus
1002 2269 1258 2345 subire
1279 2327 1299 2362 ,
1340 2287 1413 2344 et
1440 2273 1647 2367 lites,
1680 2268 1797 2374 vel
1823 2276 2172 2348 minutis-

128 2398 325 2468 sima
350 2391 541 2466 forte
566 2395 647 2466 in
673 2409 757 2464 re
773 2445 793 2484 ,
822 2389 1161 2488 judicare
1183 2415 1342 2462 non
1372 2389 1791 2483 recusabat3
1820 2391 2175 2491 quemad·

128 2511 457 2586 modum
484 2509 1131 2584 mansuetIssimus
1176 2522 1431 2579 noster
1478 2510 1888 2606 imperator
1921 2519 2176 2580 amore

134 2633 217 2703 in
258 2631 500 2718 cives3
529 2627 874 2726 quamvis
920 2623 1345 2724 plurimum
1398 2639 1661 2697 contra
1710 2624 1957 2698 hostes
2001 2617 2179 2724 vigi-

133 2747 347 2838 lans,
383 2744 479 2818 ad
510 2742 845 2846 pericula
886 2765 1031 2841 pro
1082 2737 1303 2813 nobis
1360 2727 1756 2813 subeunda
1811 2743 2173 2814 intentus,
2229 2737 2235 2744 ’

132 2867 452 2938 Utinam
496 2855 1108 2963 periculosiorem
1139 2857 1359 2930 nobis
1403 2878 1665 2958 pacem
1720 2881 1878 2931 non
1917 2857 2179 2930 reddat

134 2980 517 3084 populus,
576 2969 925 3048 fatalibus
974 2975 1365 3046 discordiis
1426 2976 1812 3066 incensus,
1853 2973 1950 3047 ob
1992 2991 2179 3074 quas

134 3101 389 3196 major
409 3123 499 3170 ex
523 3097 781 3170 serario
819 3103 1120 3164 sumtus
1147 3091 1241 3162 ad
1271 3101 1530 3190 pacem
1567 3091 2130 3164 custodiendam
2153 3145 2176 3182 ,

136 3243 381 3322 quam
414 3215 509 3288 ad
544 3213 793 3286 hostes
840 3207 1258 3284 domandos
1282 3220 1650 3307 erogatur.
1681 3209 1867 3280 Inde
1886 3211 2178 3307 impen-

138 3359 407 3412 sorum
432 3388 453 3424 ,
490 3355 657 3431 quae
689 3347 885 3400 nova
908 3339 1317 3414 vocantur,
1362 3325 1612 3422 origo,
1648 3337 1722 3394 et
1757 3346 2013 3395 rerum
2050 3349 2178 3396 nea

137 3453 629 3532 cessariarum
650 3445 1029 3544 angustiae.
1064 3445 1251 3517 Nam
1281 3443 1343 3514 si
1378 3443 1666 3542 priores
1695 3442 2180 3542 imperatores

140 3573 425 3648 inertia
481 3567 748 3666 fregit,
791 3588 949 3662 quo
999 3559 1303 3634 tandem
1350 3558 1578 3633 modo
1627 3560 1756 3633 hic
1797 3561 2180 3659 quiescat,

138 3713 382 3792 quem
407 3741 429 3777 ,
468 3685 563 3757 ad
612 3685 843 3757 vitam
886 3677 1447 3754 sustentandam
1484 3703 1582 3748 ne
1622 3679 1814 3750 sicco
1863 3675 2174 3774 quidem

139 3833 347 3911 pane
398 3803 493 3876 ad
530 3803 937 3874 satietatem
972 3811 1388 3870 vescentem
1420 3849 1441 3886 ,
1494 3819 1807 3867 somnus
1857 3795 2178 3866 omnino

142 3951 306 4000 non
334 3921 658 3994 relaxet?

258 4040 377 4116 16.
412 4043 577 4111 Haec
603 4031 837 4134 igitur
870 4029 1337 4105 consuetudo
1359 4052 1536 4102 cum
1558 4029 1714 4127 jam
1741 4043 1959 4101 antea
1991 4022 2176 4102 mol·

1785 4147 1872 4215 16
