3050 5017
217 467 327 492 QUO
334 473 441 494 w
450 475 1509 502 mmmmmssffisswmm
1516 478 1542 499 S
1551 479 1830 505 Qvi-“Um
1837 477 2258 504 §wmmm

980 639 1540 754 LYDI

652 893 805 983 DE
878 915 1856 990 MAGISTRATIBUS

396 1135 1319 1228 REIPUBLICAE
1414 1135 2102 1232 ROMANAE

958 1375 1327 1446 LIBER
1414 1377 1523 1446 ΙΙ.

476 1591 589 1638 ΒΕ
639 1591 1007 1658 cassant
1057 1589 1425 1650 EJUSQUE
1476 1591 1998 1644 INSIG'NIBUS.

206 1754 753 1872 Trnmmm
792 1811 1175 1898 quotquot
1206 1821 1552 1898 unquam
1601 1799 1765 1870 ausi
1805 1813 1988 1872 sunt
2013 1853 2034 1890 ,
2086 1826 2247 1878 non

200 1917 495 2010 solum,
528 1917 811 2019 quibus
834 1920 981 2020 ipsi
1013 1920 1297 2010 vixere,
1336 1931 1676 2018 tempora
1701 1916 2090 2020 adflixere,
2113 1924 2248 2002 sed

196 2038 747 2140 posterioribus
798 2063 1107 2138 quoque
1168 2054 1602 2112 nocuerunt
1635 2093 1656 2130 ‚
1721 2038 2032 2114 aemulos
2071 2068 2242 2141 pra·

194 2157 451 2230 vitatis
510 2157 803 2230 civibus
848 2155 1384 2255 relinquentes».
1424 2159 1544 2227 Sic
1575 2159 1791 2228 Marii
1833 2161 2246 2249 tyrannide

186 2277 501 2374 adjutus
540 2276 737 2375 sylla
784 2274 1112 2376 prodiit,
1166 2297 1395 2374 seque
1433 2290 1847 2373 tyrannum
1901 2291 2234 2375 tyranno

188 2392 471 2490 objecit
526 2421 543 2464 ε
597 2393 735 2492 qui
782 2392 968 2464 dum
1018 2393 1217 2464 inter
1268 2415 1424 2465 sese
1470 2390 2024 2492 confligebant,
2087 2399 2230 2468 Ro-

186 2533 415 2582 mana
458 2508 879 2608 respublica
896 2534 923 2600 0,
978 2523 1478 2607 tyrannorum
1524 2510 1758 2582 armis
1797 2510 2226 2607 interjecta,
2313 2569 2321 2579 .

186 2625 753 2700 dilacerabatur.
814 2630 916 2698 Ac
974 2627 1257 2700 Marius
1312 2625 1624 2725 quidem
1693 2627 1916 2699 initio
1971 2631 2224 2728 copias

188 2746 407 2845 syllae
442 2747 821 2846 superavit
864 2773 879 2817 ε
919 2744 1225 2820 fortuna
1264 2762 1519 2820 autem
1567 2745 1878 2846 perdere
1921 2763 2220 2820 utrum-

184 2889 335 2964 que
377 2863 726 2938 studente
750 2919 773 2956 ,
826 2863 1055 2938 modo
1092 2865 1251 2957 hic,
1290 2865 1516 2938 modo
1551 2863 1678 2938 ille
1710 2865 2055 2964 superior
2081 2865 2228 2940 dis-

183 2983 453 3074 cessit3
516 2979 695 3054 finis
726 3005 903 3054 vero
943 2983 1252 3082 utrique
1299 2985 1639 3058 exitium.
1691 2983 1954 3056 Victus
1994 2984 2217 3060 enim

178 3100 462 3172 Marius
486 3101 529 3172 a
565 3097 763 3191 Sylla
794 3101 1231 3172 minutatim
1268 3103 1611 3174 concisus
1653 3115 1804 3192 est3
1855 3099 2052 3198 Sylla
2082 3125 2214 3172 au-

176 3231 331 3290 tem
358 3233 531 3318 post
562 3219 952 3292 victoriam
998 3217 1381 3291 vermibus
1419 3243 1724 3319 gemens
1752 3272 1772 3308 ,
1823 3243 1965 3290 nec
1993 3217 2220 3316 quid·-

172 3361 407 3434 quam
445 3361 527 3408 ea
560 3351 826 3436 praeter
871 3333 1106 3408 felicis
1158 3359 1439 3409 nomen
1485 3335 1844 3433 adeptus,
1897 3335 2210 3412 interiit.

170 3455 319 3525 Cui
346 3476 523 3525 cum
544 3478 621 3526 se
638 3453 1007 3552 junxisset
1030 3456 1462 3554 Pompeius,
1488 3453 1963 3552 superstitem
1980 3455 2208 3530 etiam

170 3569 567 3643 oemulatus
620 3585 770 3663 est,
811 3571 1186 3672 ductaque
1225 3575 1307 3645 in
1362 3573 1936 3646 matrimonium
1975 3583 2215 3668 nepte-

168 3689 339 3788 ejus
402 3693 759 3783 Antistia,
816 3717 1155 3766 socerum
1207 3693 1516 3784 habuit,
1559 3717 1787 3792 seque
1835 3704 2080 3763 totum
2130 3689 2209 3762 ei

166 3807 399 3883 dedit.
438 3813 673 3883 Caesar
702 3825 955 3884 autem
974 3867 994 3903 ,
1030 3814 1168 3911 qui
1205 3813 1428 3885 initio
1454 3811 1790 3914 Pompeii
1823 3808 2075 3884 studio
2097 3805 2211 3884 la*

250 3989 323 4064 4)
364 3997 435 4053 τᾶ
458 3993 677 4056 ἑαυτῶν.
716 3991 883 4078 'Lego
910 4019 969 4056 τε
1004 3994 1189 4062 aserim

804 4155 853 4178 αθ
