3050 5017
494 525 1063 574 nmrunmcan
1110 527 1519 576 Romanu!
1571 529 1727 578 Lm.
1783 531 1832 578 1.
2083 533 2179 606 27

118 633 319 708 levia
352 634 677 708 Romani
710 633 1081 706 scutulata
1112 653 1406 709 vocant.
1436 637 1632 710 Talis
1663 653 1916 712 autem
1953 637 2178 714 fabri-
2289 705 2294 712 .

118 767 345 826 catur
396 751 687 852 clipeus
732 780 748 824 ε
799 751 983 826 levis
1030 755 1238 826 enim
1284 771 1439 847 est,
1512 771 1602 828 ut
1654 773 1831 856 pote
1878 761 2174 850 tenuis3

118 884 195 940 at
232 868 769 960 firmissimuS,
837 893 977 942 nec
1015 870 1253 972 plagis
1298 871 1513 946 facile
1554 874 1774 948 cedit.
1821 874 2172 976 Clipeum

121 1002 386 1059 autem
416 991 737 1061 Romani
772 995 875 1062 τὸν
924 996 1143 1088 θυρεὸν
1188 1007 1496 1081 vocant,
1557 1017 1600 1064 a
1641 997 1938 1087 κλέπτεινς
1989 996 2171 1092 quia

122 1107 359 1204 eripit
406 1109 725 1198 (κλέπτει)
786 1107 1123 1204 tegitque
1182 1103 1570 1179 ferentem.
1635 1111 1906 1180 Graecis
1961 1113 2170 1181 eii'im

122 1223 572 1322 proprium,
632 1224 877 1322 iisque
908 1222 1127 1316 solia,
1176 1223 1453 1324 Clipeis
1487 1225 2050 1298 rotundissimis
2085 1228 2170 1297 in

116 1338 321 1414 bello
362 1342 515 1431 uti,
559 1339 897 1415 barbaris
922 1365 1103 1416 vero
1122 1397 1143 1433 ,
1184 1343 1417 1416 scutis
1442 1341 1791 1442 oblongis
1826 1371 1844 1414 ε
1881 1347 2172 1443 quippe

118 1472 445 1555 urgente
469 1459 880 1578 certamine
912 1459 1124 1535 elatis
1155 1461 1389 1535 scutis
1426 1459 1668 1534 veluti
1706 1461 2172 1560 tegminibus

121 1590 237 1646 uti
270 1591 859 1650 consueverunt.

234 1721 265 1768 1
288 1721 352 1769 1.
406 1701 535 1770 Est
568 1712 823 1770 autem
860 1713 937 1770 et
975 1696 1185 1770 aliud
1222 1699 1420 1773 scuti
1468 1696 1836 1772 brevioris
1885 1721 2170 1795 geum,

126 1814 155 1912 (
170 1839 514 1912 parmam
532 1815 699 1888 Itali
720 1815 1023 1914 vocant)
1050 1871 1071 1906 ,
1098 1815 1307 1916 quod
1324 1871 1346 1910 ,
1370 1817 1661 1916 pedites
1679 1839 2020 1915 pugnare
2041 1840 2167 1899 ne·

124 1934 464 2023 scienteS‚
484 1935 623 2032 qui
640 1933 837 2006 ultra
852 1938 1125 2008 Istrum
1147 1933 1521 2026 incolunt,
1538 1936 1618 2006 in
1632 1936 1851 2032 equis
1867 1946 2170 2031 gerunt,

129 2049 777 2148 quemadmodum
808 2049 1047 2150 peltas
1064 2049 1373 2149 Scythae.
1402 2050 1662 2124 Ancile
1685 2051 1780 2124 ad
1803 2049 1956 2121 haec
1976 2073 2072 2119 an
2081 2049 2168 2118 ti-

130 2173 305 2267 quis
339 2167 490 2243 fuit
520 2169 819 2272 (neque
846 2172 1051 2243 enim
1082 2196 1296 2243 nunc
1322 2195 1412 2244 eo
1432 2167 1852 2266 utuntur),
1883 2167 2167 2240 scutuli

128 2309 369 2384 genus
392 2343 419 2375 ‚
454 2311 499 2360 a
524 2311 685 2385 quo
716 2288 941 2362 etiam
973 2285 1283 2360 ancillas
1306 2283 1509 2359 bello
1535 2299 1786 2386 captas
1813 2282 2169 2356 mulieres

130 2405 403 2478 dixere.
438 2404 744 2503 Quippe
772 2403 1033 2504 placen
1043 2418 1192 2475 tem
1216 2401 1365 2476 sibi
1386 2401 1578 2476 forte
1607 2399 2002 2475 mulierem
2027 2401 2168 2471 mi·

130 2519 233 2592 les
255 2520 485 2594 ancili
508 2521 589 2594 in
618 2519 869 2618 proelii
887 2545 1263 2592 concursu
1288 2519 1618 2619 tegebat,
1659 2545 1757 2592 ne
1787 2517 1883 2590 ab
1909 2517 2171 2617 aliquo

132 2637 554 2729 laederetur,
594 2635 853 2712 futura
878 2653 967 2710 ut
985 2653 1161 2736 pote
1180 2637 1385 2710 illius
1402 2693 1421 2726 ‚
1442 2640 1582 2736 qui
1607 2662 1770 2709 eam
1790 2650 2166 2708 servasset.

132 2761 219 2826 Et
241 2779 491 2830 servos
520 2757 899 2857 mancipia
932 2757 1145 2854 quasi
1179 2783 1220 2826 e
1252 2753 1451 2826 bello
1488 2769 1812 2827 servatos
1843 2752 2010 2825 Itali
2045 2751 2171 2823 ad-

136 2871 422 2971 pellant
460 2899 477 2943 :
515 2873 653 2972 qui
702 2887 953 2944 autem
998 2897 1157 2944 non
1208 2868 1409 2944 bello
1466 2870 1670 2969 capti
1697 2924 1718 2959 ‚
1776 2867 1904 2941 sed
1952 2867 2174 2938 liberi

137 2991 387 3088 quoad
420 2989 805 3063 fortunam
825 3045 848 3082 ‚
878 3006 1190 3090 propter
1210 3002 1604 3088 egestatem
1631 2989 1971 3060 serviunt
1992 3042 2012 3074 ,
2047 3011 2175 3060 eos

138 3107 461 3183 famulos
502 3107 773 3180 dicunt
814 3135 835 3198 ;
895 3109 1263 3206 quoniam
1296 3104 1513 3178 famis
1556 3113 1587 3178 ὁ
1639 3104 1807 3200 λιμόξ
1839 3121 2172 3177 vocatur.

136 3225 429 3302 Ancilia
464 3241 717 3300 autem
745 3251 791 3296 a
824 3229 1071 3296 Graeca
1090 3280 1112 3314 ,
1164 3249 1403 3322 eaque
1449 3223 1723 3294 AEoliea
1765 3248 1940 3294 voce
1973 3223 2174 3294 dicta

139 3361 323 3418 sunt
354 3347 573 3444 quasi
615 3349 767 3444 ἀμφὶ
796 3351 925 3416 λεῖα
975 3343 1393 3441 (utrinque
1421 3341 1716 3440 laevia);
1753 3338 1934 3415 tales
1963 3344 2170 3414 enim
2225 3320 2252 3345 ⁸

137 3477 319 3536 sunt
344 3487 587 3561 parvae
613 3465 1079 3534 Amazonum
1114 3459 1351 3560 peltae.

257 3605 367 3652 12.
420 3585 752 3654 Ornatus
776 3595 1030 3652 autem
1066 3593 1235 3651 tum
1281 3575 1513 3649 totius
1553 3575 1873 3649 Romani
1903 3575 2175 3646 exerci-

142 3713 265 3771 tus
297 3699 497 3771 idem
537 3727 553 3770 :
592 3699 797 3798 galea
826 3721 1040 3787 aerea,
1082 3711 1158 3768 et
1188 3694 1421 3770 lorica
1451 3694 1760 3766 annulis
1804 3710 2176 3784 conserta,

142 3828 215 3886 et
252 3813 545 3913 gladius
586 3814 781 3888 latus
804 3871 825 3907 ,
874 3829 1177 3907 curtuS,
1214 3815 1296 3884 in
1328 3813 1636 3885 sinistro
1669 3809 1950 3882 femore
1992 3835 2176 3909 pen-

224 3969 266 4027 3
281 3974 303 4042 )
341 3973 473 4049 ἀμφὶ
498 3974 633 4029 λεῖα.
653 3969 803 4030 cod.
834 3973 1069 4051 ἀμφίλια.
1104 3970 1290 4030 Forte
1316 3966 1704 4028 scribendum
1735 3969 1998 4047 ἀμφῢεια.
2025 3963 2178 4029 cod.

144 4075 204 4128 ct
226 4086 283 4142 1,
322 4067 434 4147 54,
462 4071 575 4127 λίαν
596 4089 709 4150 pto
734 4073 911 4147 λείαν,
950 4077 1010 4131 et
1036 4087 1147 4146 m,
1175 4069 1252 4129 62
1274 4111 1291 4142 ,
1332 4071 1425 4126 λίω
1455 4085 1570 4146 pro
1597 4067 1748 4144 λείῳ..
