3050 5017
520 439 1073 504 murmurem
1122 443 1516 512 nonnuli
1567 443 1726 502 ιη.
1777 437 1866 504 ii.
2059 422 2208 508 ‘105

163 551 613 664 iii-aefectum
674 561 863 638 aulae
916 565 1205 664 (quam
1263 579 1337 637 et
1380 569 1816 664 praetorium
1862 593 2050 669 saepe
2083 595 2218 642 vo·

166 685 332 755 'cari
357 681 1093 781 demonstravimus.)
1130 705 1285 756 non
1320 683 1684 782 singulari
1721 699 2056 776 tantum,
2095 713 2220 760 ve·

166 827 357 876 rum
389 807 609 876 etiam
640 799 917 904 plurali
946 827 1267 875 numero
1290 817 1487 876 reete
1512 804 1994 904 adpellaveris
2011 811 2039 898 (
2058 831 2218 878 non

170 924 391 994 enim
436 917 827 1020 praefectus
878 921 1227 1020 praetorio
1265 933 1564 992 tantum
1612 922 1979 1021 dicitur),
2022 922 2225 996 vide·

168 1039 357 1113 licet
404 1040 677 1113 ducem
713 1039 1331 1140 praetorianorum
1360 1094 1379 1130 ,
1422 1039 1950 1114 subintellecto
1975 1097 1992 1130 ‚
2026 1042 2223 1113 ordi·

172 1181 377 1230 num
408 1211 431 1246 ‚
486 1157 607 1232 vel
660 1157 1091 1230 cohortium
1118 1211 1141 1246 ‚
1196 1155 1313 1230 vel
1360 1159 1830 1231 exercituum
1857 1214 1876 1250 ,
1937 1157 2056 1230 vel
2102 1179 2228 1232 co-

170 1277 510 1374 piarum.

286 1415 355 1492 7.
392 1395 663 1464 Causas
703 1389 1015 1489 quidem
1056 1385 1237 1460 tales
1276 1385 1483 1461 haud
1511 1389 1834 1463 absurde
1864 1389 2228 1464 adtulerit

178 1511 277 1584 de
306 1511 621 1582 nomine
644 1495 878 1603 hujus
913 1509 1427 1604 magistratus,
1479 1511 1618 1606 qni
1655 1509 1870 1605 quasi
1903 1527 2232 1581 oceanus

178 1625 861 1700 administrationis
886 1621 1319 1722 reipublicae
1348 1637 1493 1714 est,
1516 1647 1572 1730 P*
1604 1647 1762 1722 quo
1787 1639 2060 1696 cuncta
2087 1623 2230 1698 ssu-

180 1746 399 1818 mina
442 1741 830 1840 mariaque
866 1740 1281 1813 dueu'ntur.
1334 1741 1708 1814 Scintillas
1758 1744 1962 1814 eni'm
2014 1740 2233 1840 quasi

182 1861 523 1960 ejusdem
554 1861 783 1958 ignis,
818 1857 1152 1956 reliquos
1180 1859 1497 1930 civitatis
1522 1861 1998 1957 magistratus
2030 1857 2234 1932 illius

182 2003 358 2052 vere
396 1979 873 2075 magistratus
902 1977 1479 2072 magistratuum
1514 1999 1669 2046 esse
1703 1989 1928 2074 patet.
1973 1980 2236 2074 Neque

184 2097 398 2202 enirn
430 2095 595 2165 sine
628 2092 759 2165 illo
793 2115 945 2164 esse
987 2115 1331 2188 unquam
1366 2105 1711 2190 possent3
1747 2091 2236 2188 quemadmo-
2317 2077 2338 2102 ⁸

184 2215 378 2286 (lum
438 2235 619 2284 vero
667 2208 855 2308 ipsi,
902 2209 1007 2280 sic
1064 2229 1202 2278 nee
1254 2208 1435 2304 ipsis
1490 2206 1809 2302 subjecti
1865 2221 2228 2306 tanquam

122 2319 135 2337 ’
184 2333 499 2408 ordines
552 2329 863 2430 quidam
912 2327 1347 2425 congregari
1390 2339 1737 2424 possent,
1791 2329 1937 2398 nisi
1983 2329 2072 2399 iis
2115 2353 2243 2409 eof
2327 2339 2334 2348 '

184 2473 524 2548 rumque
550 2447 967 2546 praepositis
999 2435 1341 2516 sumtum
1384 2441 1818 2542 praefectura
1851 2443 2234 2543 praeberet.

188 2573 379 2642 ,Nam
410 2561 1057 2666 quemadmodum
1082 2559 1359 2659 aliquis
1384 2580 1511 2632 vas
1537 2563 1951 2632 maximum
1969 2615 1988 2650 ‚
2014 2585 2103 2631 ex
2125 2583 2237 2632 ar-

191 2699 423 2786 gento
464 2681 747 2755 sactum
770 2736 789 2772 ,
824 2703 983 2752 non
1033 2703 1077 2750 a
1110 2701 1301 2766 sese,
1338 2677 1465 2750 sed
1500 2703 1544 2748 a
1577 2675 1991 2772 majoribus
2027 2673 2237 2747 relic-‘2
2325 2694 2332 2705 ⁸

190 2819 365 2875 tum
398 2799 773 2900 possidet3
828 2793 1103 2870 deinde
1135 2796 1229 2882 ad
1259 2807 1790 2893 paupertatem
1849 2794 2194 2891 delapsus
2215 2847 2237 2884 ,

98 3007 113 3016 ·
192 2919 535 2992 dissolvit
566 2915 789 3006 illud,
818 2915 1029 3013 parvi
1056 2911 1331 2986 faciens
1354 2911 1786 2997 firmitatem
1810 2909 2239 3008 etpulchri-

195 3037 549 3114 tudinem
585 3064 599 3108 :
640 3033 883 3108 multa
936 3047 1189 3104 autem
1237 3045 1313 3103 et
1358 3029 1646 3128 fragilia
1698 3029 1972 3130 pocula
2009 3053 2097 3101 ex
2151 3053 2240 3104 eo

194 3159 643 3246 fabricatur„
690 3155 959 3232 ‘vilium
998 3149 1497 3223 multitudine
1541 3173 1769 3247 quam
1815 3175 1977 3221 uno
2013 3151 2244 3219 maxi-

198 3306 335 3354 mo
384 3295 457 3351 et
504 3279 823 3374 antiquo
875 3273 1111 3369 magis
1174 3265 1587 3366 gloriatur:
1641 3267 1748 3338 sic
1813 3268 2243 3338 intereunte

198 3399 537 3472 maximo
582 3391 1015 3496 magistratu
1068 3381 1383 3486 plurimi
1430 3397 1507 3456 et
1551 3381 1853 3456 fortasse
1895 3403 2241 3484 superva—

200 3519 334 3592 cui
366 3513 715 3616 prodiere
738 3565 757 3598 ‚
794 3509 1112 3578 minime
1140 3501 1431 3574 favente
1477 3499 1782 3574 fortuna
1807 3516 2041 3600 poetae
2063 3557 2082 3590 ,
2107 3501 2244 3572 {ii-

202 3633 413 3708 centi
448 3659 463 3702 :
502 3655 665 3712 non
695 3628 892 3700 bona
923 3623 1343 3696 multorum
1380 3618 1834 3708 dominati03
1875 3642 2080 3690 unus
2115 3617 2246 3688 do-

202 3753 473 3824 minus
499 3749 615 3820 sit.
652 3749 836 3816 Nam
874 3743 1009 3841 qui
1058 3746 1416 3840 ςρατηὶάται
1457 3737 1486 3835 (
1517 3735 1794 3830 duces)
1836 3735 2203 3806 dicuntur
2224 3785 2248 3822 ,

208 3870 583 3944 comitum
609 3855 974 3935 ho'norem
994 3915 1015 3952 ‚
1032 3881 1361 3970 eumque
1386 3853 1630 3928 solum
1649 3852 1776 3944 ‚ab
1795 3853 2266 3950 antiquitate*

208 3997 499 4060 tenent.
558 3982 755 4054 Hinc
797 3994 875 4054 et
920 3976 1605 4077 δευτεροςρατηλατωωοι·
1638 3969 1735 4044 ab
1766 3969 2104 4067 antiquis
2129 3991 2246 4038 eo·

1876 4089 1964 4172 14
