3050 5017
769 491 888 542 nr:
935 492 1299 548 sonu-m
1353 495 1630 554 mmo.
2010 476 2211 574 lxvii

187 663 376 714 cere.
421 641 658 716 Mitto
707 643 1102 723 hominem
1165 649 1427 747 lingua
1477 673 1763 746 graeca,
1819 659 1906 723 ut
1956 649 2223 726 nullus

191 799 528 872 unquam
550 832 571 869 ,
613 777 938 854 lectione
991 780 1495 856 instructum:
1564 781 1787 856 mitto
1835 781 2215 860 librorum

189 909 696 1008 cognitionem
731 939 752 984 τ
797 915 1020 990 mitto
1059 915 1647 1014 inscriptionum
1696 943 1714 989 t
1761 917 1938 1014 quis
1979 917 2223 992 literis

199 1045 484 1120 Italicis
517 1045 894 1123 eruditior
915 1049 1144 1148 ?·quis
1171 1049 1254 1125 in
1283 1048 1832 1126 consuetudine
1865 1049 2225 1126 dulcior?

189 1178 268 1250 in
307 1178 656 1256 docendo
693 1181 1126 1280 copiosior?
1159 1183 1537 1260 Memoria
1573 1209 1765 1260 vero
1786 1195 1993 1259 tanta
2018 1196 2176 1259 erat
2196 1239 2224 1280 ‚

189 1325 264 1384 et
289 1313 708 1422 verborum
737 1367 762 1412 5
793 1326 870 1392 et
891 1339 1153 1394 trorum
1172 1375 1192 1413 ,
1225 1331 1310 1394 ut
1335 1319 1594 1394 omnia
1616 1373 1637 1408 ,
1668 1343 1839 1416 quae
1876 1343 2221 1417 unquam

187 1445 468 1544 legerat
492 1501 514 1542 ‚
559 1450 1046 1526 meminisset.
1083 1452 1341 1550 Atque
1369 1451 1500 1527 hic
1528 1451 1699 1526 talis
1728 1451 1855 1528 vir
1878 1449 2223 1526 discessit

191 1605 232 1652 a
271 1581 496 1656 nobis
526 1636 546 1670 ,
605 1585 863 1659 animo
921 1585 1336 1662 etiamtunc
1385 1583 1870 1684 vegetissimo
1898 1639 1920 1678 ,
1977 1604 2221 1661 annos

191 1713 332 1786 vix
373 1725 602 1789 natus
627 1737 779 1790 mr:
827 1742 971 1793 nec
1015 1718 1425 1816 quicquam
1479 1743 1583 1794 ex
1628 1718 1917 1816 magnis
1968 1717 2221 1814 operi-

191 1847 332 1920 bus
360 1873 536 1944 quse
561 1873 864 1926 summo
891 1877 1066 1927 cum
1097 1853 1354 1928 labore
1383 1865 1458 1928 et
1491 1849 1884 1951 diligentia
1918 1851 2221 1926 inchoa-

187 1995 427 2076 verat,
457 2005 782 2083 quaeque
807 1986 1052 2062 vitam
1079 1986 1200 2062 illi
1223 1987 1462 2062 dubio
1491 1987 1757 2085 procul
1786 1997 2223 2084 reparatura

189 2127 448 2213 erant,
488 2116 748 2216 spatiis
779 2119 1139 2194 exclusus
1181 2120 1470 2218 iniquis
1505 2117 1937 2215 relinquere
1970 2117 2223 2216 potuit

185 2248 630 2325 absolutum
675 2275 694 2322 ε
743 2249 1118 2327 desiderio
1171 2262 1424 2326 autem
1485 2248 1917 2326 incredibili
1977 2247 2225 2323 affecit

191 2409 371 2459 cum
423 2386 884 2462 necessarios
939 2411 1117 2461 suos
1141 2443 1164 2484 ‚
1213 2385 1569 2460 homines
1618 2407 2000 2477 summos,
2052 2393 2225 2456 tum

189 2520 570 2617 meipsum
591 2571 612 2608 ,
645 2520 772 2593 cui
805 2518 978 2594 loco
1013 2520 1247 2619 patris
1279 2543 1577 2619 semper
1608 2515 1779 2592 fuit.
1832 2515 2089 2613 Atque
2128 2514 2225 2589 de

187 2651 324 2728 illo
346 2708 370 2748 ,
408 2652 772 2749 quoniam
823 2677 962 2750 pro
1023 2651 1607 2751 incomparabili
1656 2651 1821 2742 eius
1872 2673 2045 2750 erga
2098 2675 2223 2723 me

183 2785 471 2882 pietate
500 2783 711 2882 paria
733 2772 1170 2883 persolvere
1193 2809 1494 2883 nequeo
1517 2839 1541 2883 ‚
1574 2781 1785 2886 quod
1818 2801 2061 2858 unum
2088 2805 2245 2880 po·-

183 2921 304 2993 ·tui
331 2976 354 3011 ,
395 2916 560 2994 haec
585 2941 763 2992 eum
791 2919 1124 2994 lacrimis
1151 2919 1440 3018 scripsi.

256 3185 577 3262 XXXI.
597 3185 756 3262 Vir
771 3197 1020 3262 autem
1040 3186 1360 3262 illustris
1373 3184 1860 3278 deChoiseul,
1880 3183 1975 3260 ad
1990 3207 2224 3283 quem
2332 3187 2471 3230 ΧΠ
2482 3189 2517 3230 ¹·

2316 3279 2452 3324 Liber
2477 3280 2537 3322 de

189 3317 518 3394 redierat
536 3319 740 3418 Lydi
763 3319 1049 3416 Codex,
1071 3319 1482 3396 editionem
1506 3341 1823 3418 operum
1848 3318 2009 3414 ejus
2032 3318 2227 3394 mihi
2265 3352 2595 3406 Magius-atibus

185 3465 383 3528 tunc
401 3453 709 3528 volebat
749 3453 1243 3528 committere.
1286 3451 1567 3549 Neque
1600 3451 1915 3526 hercule
1948 3463 2106 3526 erat
2140 3479 2225 3526 ea

192 3585 602 3684 prouincia
633 3584 876 3660 aliena
893 3611 938 3660 a
969 3585 1394 3670 rationibus
1421 3584 1609 3659 meis
1636 3609 1961 3682 tneque,

191 3719 537 3795 maxime
569 3715 840 3793 fuisset
864 3773 889 3808 ,
932 3733 1389 3794 recusassem
1417 3773 1438 3812 ‚
1475 3741 1755 3815 nempe
1798 3741 1899 3790 ne
1931 3713 2224 3794 diutius

190 3854 560 3952 scriptore
589 3848 892 3927 erudito
921 3863 1200 3927 nostrae
1231 3853 1468 3928 literas
1507 3837 1869 3925 carerent.
1909 3847 2057 3925 Sed
2100 3877 2225 3926 ac·-

195 3983 384 4060 cidit
411 4009 506 4060 eo
531 3983 698 4084 ipso
731 3995 1072 4080 tempore
1090 4040 1113 4081 ‚
1133 3995 1221 4060 ut
1257 4009 1300 4058 a
1329 3981 1703 4082 praefectis
1730 3983 2225 4062 Bibliothecae

1790 4145 1819 4190 ι
1860 4145 1921 4214 ι]

2270 3427 2583 3546 2:233232

1994 3609 2061 3658 ει
2091 3585 2225 3660 νει

2344 3721 2509 3767 editus.
