3050 5017
474 456 1027 509 nmrunmcu
1082 455 1481 505 nonum:
1533 457 1690 508 mn.
1739 458 1866 505 ιιι.
2041 432 2186 509 203

144 586 391 660 gnum
431 566 723 643 honore
762 596 777 639 ε
816 567 895 641 id
932 566 1139 666 quod
1164 579 1371 661 patet
1404 592 1447 638 e
1478 566 1775 646 decreto
1807 593 2035 667 super
2065 595 2192 643 me

146 682 493 777 prolato,
538 712 818 784 quum,
846 686 1095 785 posito
1133 682 1475 783 cingulo,
1514 686 1600 755 in
1637 683 1886 757 aulam
1931 711 2190 783 conce-

144 796 431 871 derem.
462 806 649 875 Nam
686 827 863 875 cum
912 804 993 874 in
1031 798 1367 873 tribunal
1399 798 1852 899 praefecturae
1893 802 2190 875 adscen-

145 912 423 989 dissem
444 972 465 1009 ,
470 918 681 1015 juxta
698 915 1323 992 consuetudinem
1343 915 1550 989 illam
1565 916 1910 991 videlicet
1925 921 2194 1018 gratias

146 1034 436 1126 potiori
474 1010 783 1109 acturus
804 1088 824 1125 ‚
851 1035 1522 1133 magistratumque
1565 1035 1996 1132 positurus,
2039 1037 2190 1133 pri-

146 1171 363 1221 mum
391 1150 781 1227 honorans
802 1178 926 1225 me
946 1149 1337 1253 praefectus
1358 1161 1561 1241 (erat
1578 1165 1832 1225 autem
1855 1153 2194 1250 optimus

148 1262 271 1335 ille
303 1267 787 1369 Hephae-stus,
822 1270 942 1343 vir
978 1267 1265 1360 honus,
1304 1266 1463 1342 solo
1498 1269 1810 1369 nomine
1837 1266 2192 1365 nobilita-

146 1393 291 1451 tem
348 1408 571 1457 suam
611 1386 1015 1460 ostendens
1044 1386 1187 1492 :ab
1214 1384 1603 1489 Hephaesto
1635 1388 1842 1481 enim
1865 1440 1892 1477 ,
1938 1385 2190 1487 primo

144 1497 671 1599 AEgyptiorum
708 1528 879 1603 rege
904 1501 1325 1577 secundum
1368 1501 1708 1576 Siculum
1731 1556 1754 1593 ,
1787 1527 2026 1601 genus
2051 1502 2192 1575 du-

148 1640 307 1691 cere
350 1618 778 1720 ferebatur)
820 1626 1181 1713 surrexit,
1224 1648 1515 1721 meque·
1545 1624 1872 1695 suaviter
1916 1622 2190 1721 resalu-

150 1736 373 1826 tavit3
434 1762 765 1839 cumque
836 1739 1214 1813 osculatus
1276 1755 1502 1830 esset,
1563 1730 1814 1815 statim
1879 1738 2190 1839 quidem

145 1846 595 1929 mandatum
608 1881 1089 1933 annonarum
1110 1860 1269 1932 suis
1286 1858 1644 1931 manibus
1659 1858 1867 1959 dedit
1881 1912 1904 1949 ,
1919 1859 2192 1961 gratias

141 1992 367 2067 agens
392 2002 415 2065 ;
448 1990 619 2074 post
652 1977 1095 2049 innumeras
1119 2002 1297 2049 vero
1322 1975 1581 2049 laudes
1600 2031 1621 2066 ‚
1647 1991 1805 2049 toto
1831 1990 2190 2075 praesente

142 2086 401 2163 officio
416 2146 441 2181 ,
464 2090 849 2166 decretum
875 2093 1056 2192 legit
1080 2094 1225 2166 hoc
1254 2122 1270 2165 z
1302 2124 1339 2161 α
1368 2099 1692 2167 Ioannes
1712 2093 2192 2165 doctissimus

144 2201 173 2301 (
188 2202 326 2277 hac
366 2208 579 2279 enim
613 2207 1112 2309 adpellatione
1136 2211 1690 2311 potiusssquam
1723 2210 2190 2311 ornamentis

142 2342 179 2389 a
214 2318 512 2422 collatis
558 2324 642 2395 in
700 2326 951 2423 ipsum
998 2324 1487 2416 muneribus,
1521 2324 1984 2423 delectatur)
2029 2324 2181 2421 jam

146 2451 359 2509 antea
386 2440 740 2511 omnium
778 2424 1034 2513 rerum
1061 2439 1638 2540 pulcherrimis,
1684 2443 1993 2513 scientia
2028 2438 2187 2513 lite-

146 2554 429 2651 risque,
468 2555 895 2655 inquimus,
925 2557 1145 2629 talem
1180 2582 1257 2630 se
1292 2543 1676 2648 eihibuit,
1707 2572 1796 2631 ut
1833 2582 1992 2629 non
2025 2558 2188 2656 ipse

150 2682 445 2744 tantum
475 2671 958 2746 admirationi
980 2668 1197 2763 esset,
1223 2699 1489 2747 verum
1517 2672 1744 2745 multi
1765 2674 1990 2745 etiam
2014 2670 2184 2761 alii,

145 2780 301 2881 ejus
336 2788 689 2874 videlicet
723 2816 950 2890 opera
986 2791 1339 2864 instituti.
1383 2796 1703 2863 Parvum
1753 2804 2004 2863 autem
2029 2844 2050 2879 ‚
2094 2803 2184 2862 ut

150 2904 445 2979 videtur
468 2960 491 2995 ,
508 2918 715 2979 ratus
730 2961 749 2996 ,
767 2907 829 2977 si
853 2905 1030 2979 solis
1048 2921 1448 2979 ornaretur
1464 2904 1854 2979 literarum
1878 2905 2184 2995 studiis,

153 3024 412 3121 (atqui
462 3024 654 3123 quid
694 3022 815 3095 his
859 3011 1103 3119 majus
1136 3026 1541 3123 quisquam
1585 3023 2058 3116 existimet?)
2108 3038 2185 3096 et

152 3136 500 3213 civilibus
523 3164 601 3212 se
626 3138 852 3211 rebus
878 3140 1203 3212 miscuit.
1237 3138 1624 3236 Adparens
1657 3146 1909 3213 aute'm
1941 3142 2022 3210 in
2058 3165 2185 3211 no·

152 3258 311 3327 stris
323 3256 349 3353 j
362 3256 907 3348 udiciis,unum
919 3253 1297 3355 quendam
1308 3254 1710 3353 peromnia
1722 3269 2180 3327 concentum

151 3374 493 3465 servavit,
528 3398 663 3445 sua
696 3372 987 3471 ubique
1023 3358 1359 3469 exempla
1386 3394 1745 3469 sequens,
1777 3394 1862 3441 ac
1902 3394 1982 3441 re
2024 3370 2184 3469 ipsa

63 3564 68 3571 ‚
155 3482 421 3563 docens
460 3544 481 3578 ,
532 3506 879 3564 naturam
923 3488 1286 3588 egregiam
1330 3502 1405 3559 et
1448 3482 1894 3559 utilioribus·
1919 3509 2178 3583 parem

158 3601 581 3701 gignendis,
606 3606 701 3678 ad
731 3614 1272 3704 quamcunque
1319 3606 1485 3677 vitae
1531 3599 1849 3675 formam
1886 3624 1962 3672 se
1998 3624 2184 3671 con-

155 3722 451 3793 verterit
477 3774 496 3811 ,
525 3746 567 3793 a
596 3721 1231 3811 suis'excellent'iis
1259 3746 1417 3801 non
1454 3718 1794 3791 aberrare
1811 3772 1832 3807 ,
1855 3714 2180 3815 splendi-

158 3832 435 3929 diorem
479 3858 738 3943 'autem
795 3828 1104 3915 reddere
1152 3843 1508 3915 virtutem
1530 3830 1570 3932 ‚⁶
1600 3838 1836 3910 literis
1879 3852 2050 3909 ‘eam
2105 3850 2180 3908 et

157 3952 493 4037 civilibus
538 3960 765 4039 rebus
810 3957 1319 4037 exornantem.
1372 3946 1503 4031 His
1551 3955 1786 4065 igitur
1821 3951 2184 4045 omnibus
