3050 5017
436 440 1021 493 nmrurmcu,
1071 437 1479 490 nonnum
1525 438 1684 491 mn.
1735 442 1860 492 111.
2031 410 2174 515 173

102 548 449 651 ideoque
511 548 690 653 'post
734 548 1183 625 boethuram
1200 602 1221 641 ‚
1278 573 1509 649 quam
1565 566 1870 641 vocant,
1915 549 2174 625 locum

106 670 287 769 ipsis
306 671 821 762 destinatum,
850 674 933 744 in
962 668 1215 743 medio
1232 670 1558 743 introitu
1581 674 1940 770 praetoriae
1964 671 2176 764 auloe,

104 814 351 891 prope
406 793 793 865 scrinium
830 796 1182 892 Europae,
1221 789 1626 881 haberent,
1667 792 1750 865 in
1795 818 1952 891 quo
1997 816 2176 865 con-

106 923 523 980 currentes
546 908 693 981 sub
721 910 1063 1007 ipsorum
1090 908 1515 981 ministerio
1543 923 1704 981 acta
1732 907 2175 1008 implebant.

104 1026 195 1095 Et
254 1021 415 1123 ipsi
470 1025 791 1124 quidem
812 1077 834 1114 ‚
885 1026 1024 1124 qui
1078 1048 1328 1123 nuper
1388 1024 1743 1122 adjuvare
1796 1027 2180 1101 currentia

109 1143 390 1215 scrinia
438 1140 857 1231 desierant,
892 1140 1014 1213 his.
1048 1166 1353 1241 operam
1390 1141 1705 1235 dabant,
1752 1170 1908 1218 non
1945 1166 2180 1245 parvo

112 1256 307 1330 lucri
370 1258 659 1333 solatio
704 1258 1117 1357 gaudentes
1159 1263 1189 1331 :²
1221 1261 1361 1358 qui
1404 1285 1577 1333 vero
1616 1275 1792 1333 ante
1841 1260 2050 1352 illos,
2091 1284 2180 1333 ao

112 1376 329 1471 prius
380 1376 624 1448 etiam
674 1391 1174 1467 cessaverant,
1205 1376 1468 1449 eodem
1506 1376 2027 1466 confluebant,
2054 1378 2178 1448 iis·

117 1514 261 1588 que
290 1494 655 1565 maximae
680 1508 753 1565 et
790 1494 1236 1593 gravissimae
1270 1496 1748 1593 magistratus
1768 1495 2180 1591 jussione-a,

120 1620 189 1678 et
212 1607 833 1708 quibuscunque
878 1608 1113 1683 finem
1148 1612 1542 1711 imponere
1575 1611 1772 1685 alius
1807 1609 2014 1685 haud
2043 1634 2180 1710 po-

123 1729 381 1798 tuisset
401 1780 425 1818 ,
463 1726 1033 1800 mandabantur
1076 1754 1094 1799 :
1130 1730 1269 1827 qui
1312 1754 1411 1801 ne
1454 1730 1594 1802 otii
1643 1729 1954 1829 quidem
1992 1743 2180 1803 tem·

126 1864 300 1938 pore
362 1840 471 1915 ab
540 1841 854 1919 literatis
920 1845 1469 1942 quaestionibus
1534 1846 1940 1938 vacabant3
1995 1868 2177 1919 cum

127 1954 297 2029 clari
342 1960 563 2031 inter
612 1958 1001 2032 literarum
1044 1963 1435 2060 magistros
1479 1963 1574 2035 ad
1614 1988 1740 2036 eos
1781 1988 2178 2037 concurre·

132 2088 293 2147 rent
310 2130 332 2165 ‚
377 2077 779 2173 incognita
816 2074 1045 2148 simul
1091 2078 1640 2176 investigantes.
1689 2080 1871 2170 Quae
1905 2094 2179 2153 cuncta

132 2191 229 2261 sic
280 2216 713 2284 evanuere,
766 2208 857 2265 ut
881 2249 901 2285 ,
942 2208 1251 2267 vacante
1304 2194 1582 2267 deinde
1625 2195 1832 2286 loco,
1887 2198 2026 2296 qui
2057 2220 2180 2269 ex-

134 2311 443 2405 eeptarii
485 2326 857 2385 vocantur
906 2310 1022 2403 (id
1064 2326 1205 2402 est,
1252 2309 1622 2385 frumenti
1663 2314 2190 2409 exceptores),·

136 2427 505 2500 scrinium
544 2432 1113 2526 occupaverint,
1158 2427 1460 2520 deletis,
1504 2451 1672 2529 quae
1698 2428 1884 2502 olim
1937 2428 2018 2499 in
2047 2425 2174 2499 ad·

139 2541 543 2616 miratione
584 2542 907 2619 fuerant.

238 2664 349 2748 14.
400 2659 648 2733 Multa
697 2677 951 2735 autem
1000 2679 1077 2737 et
1119 2665 1524 2738 innumera
1581 2663 1880 2761 antiqui
1925 2660 2172 2760 splen·
2281 2698 2286 2703 ·

138 2768 329 2848 doris
354 2793 866 2853 monumenta
898 2805 1077 2854 cum
1112 2780 1544 2853 interierint
1581 2778 1912 2852 chartam
1946 2778 2172 2849 etiam

139 2909 177 2957 a
200 2886 680 2992 litigantibus
702 2912 955 2995 petere
976 2895 1334 2971 officiales
1360 2898 1742 2972 sustinent
1758 2953 1785 2988 ,
1810 2893 2013 2969 soliti
2041 2917 2172 2966 an-

141 3014 285 3095 tea,
340 3034 501 3084 non
554 3026 853 3084 tantum
896 3038 1056 3085 non
1098 3038 1401 3113 surgere
1441 3013 1544 3086 ob
1593 3016 1928 3087 minutas
1969 3010 2178 3109 ejus-⁵

143 3122 337 3195 modi
406 3150 531 3201 res
562 3182 583 3217 ,
646 3152 909 3204 verum
963 3130 1187 3202 etiam
1250 3130 1602 3203 omnium
1677 3127 2174 3202 lucidissimas

144 3238 421 3338 chartas}
478 3251 725 3322 causis
766 3248 1159 3342 adhibere,
1199 3240 1664 3349 congruente
1701 3245 2174 3320 membrana-

144 3380 305 3433 rum
362 3390 545 3439 cum
596 3365 1091 3441 scribentium
1140 3367 1410 3442 nitore.
1470 3364 1696 3457 Quod
1755 3374 2176 3462 utrumque

143 3491 383 3569 postea
448 3483 797 3573 evanuit3
860 3505 1105 3583 aesque
1163 3481 1576 3556 admodum
1641 3480 2026 3555 modicum
2099 3494 2176 3552 et

148 3604 391 3695 turpe,
422 3600 757 3673 mendici
788 3601 1037 3691 velut,
1072 3604 1421 3703 exigunt,
1444 3618 1519 3675 et
1539 3611 1754 3701 χόρτον
1787 3597 2172 3704 (foenum)

146 3732 275 3803 pro
328 3716 585 3791 charta
621 3718 902 3794 vilibus
946 3744 1032 3793 ac
1076 3736 1596 3820 paupertatem
1651 3716 2177 3790 redolentibus

150 3819 369 3901 literis
403 3834 665 3907 edunt.
692 3839 857 3907 Haec
887 3839 1145 3909 omnia
1176 3860 1327 3909 una
1353 3835 1782 3935 perierunt,
1817 3834 2174 3930 viamque

153 3937 677 4029 irremeabilem
717 3950 1001 4045 abiere3
1034 3968 1199 4027 turn
1234 3956 1413 4055 quia
1451 3952 1620 4028 lites
1655 3948 1980 4042 civibUS,
2007 3950 2171 4025 ino·
