3050 5017
412 442 977 503 nnlrunttcu:
1024 444 1423 503 ROMANAE
1470 454 1632 503 Lu.
1686 453 1816 505 11¹.
1922 468 1926 477 ’
1983 454 2134 510 201·

126 558 423 635 multam
436 562 1093 661 cognovimusesse
1112 584 1289 633 cum
1312 560 1700 637 literarum
1721 550 2134 660 scientiam,

124 692 273 751 tum
306 678 387 749 in
416 678 917 779 grammaticis
942 698 1259 753 acumen
1280 732 1303 769 ‚
1325 692 1493 751 tum
1522 681 1604 751 in
1635 684 1946 779 poeticis
1969 706 2138 765 sua·-¹

124 796 405 869 vitatem
424 851 447 887 ‚
486 794 864 897 aliamque
917 795 1081 891 ejus
1132 793 1632 895 multiplicem
1669 796 2086 873 doctrinam
2113 854 2138 889 ‚

122 925 189 983 et
217 910 597 1015 quomodo
627 917 1141 991 Romanorum
1184 909 1521 1011 linguam
1563 916 1720 1003 suis
1753 914 2143 1001 laboribus

122 1026 691 1127 splendidiorem
731 1023 1139 1103 reddiderit
1170 1057 1187 1101 ε
1226 1032 1572 1130 quamvis
1599 1032 1866 1108 militia
1901 1036 1982 1106 in
2023 1037 2148 1113 tui

127 1143 467 1219 culminis
499 1144 811 1243 judiciis
849 1169 1025 1218 cum
1066 1143 1285 1219 laude
1312 1144 1754 1247 fungentem
1777 1204 1798 1241 ,
1823 1150 2148 1239 voluisse

124 1276 371 1359 praeter
392 1286 555 1335 eam
586 1262 801 1338 libris
824 1286 1137 1365 quoque
1167 1264 1397 1336 vitam
1420 1265 1854 1364 impendere
1873 1322 1894 1359 ‚
1917 1294 2150 1369 seque

130 1392 385 1452 totum·
410 1380 647 1453 literis
684 1378 954 1456 dicare.
1012 1378 1125 1451 Ad
1180 1394 1463 1471 tantam
1514 1384 1754 1481 igitur
1785 1386 2149 1463 virtutem

127 1519 617 1595 progressum,
652 1496 1197 1589 inhonoratum
1240 1497 1710 1597 relinquere,
1739 1501 2152 1601 indignum

130 1616 583 1717 temporibus
651 1618 929 1697 nostris
975 1614 1437 1713 judicantes,
1498 1620 1956 1718 imperamus
2013 1637 2154 1695 tuo

126 1734 470 1826 culmini,
506 1735 653 1810 hoc
684 1737 755 1809 ei
787 1733 879 1808 de
910 1730 1223 1831 publico
1250 1731 1451 1807 dare.
1478 1738 1676 1810 Sciat
1703 1762 1880 1811 vero
1907 1741 2152 1811 nomi-

130 1866 333 1923 natus
382 1852 981 1949 sapientissimus
1016 1851 1163 1940 vir,
1194 1874 1333 1923 nos
1358 1849 1504 1924 hoc
1537 1853 1716 1925 satis
1749 1880 1906 1927 non
1941 1850 2156 1930 habi-

130 1982 359 2060 turos,
386 1966 517 2041 sed
542 1982 619 2039 et
647 1964 1147 2065 dignitatibus
1172 1992 1350 2039 eum
1378 1983 1455 2041 et
1488 1966 1904 2065 majoribus
1927 1974 2157 2049 sacris

129 2082 563 2162 muneribus
590 2080 973 2181 cultui-oa,
1009 2082 1357 2181 ineptum
1406 2098 1880 2181 reputantes,
1925 2088 2153 2163 talem
2227 2074 2235 2082 ⁸

128 2198 539 2275 facundiam
568 2212 721 2271 tam
744 2222 979 2299 parvo
1000 2201 1311 2299 proemio
1348 2199 1686 2298 dignari:
1717 2201 2156 2279 laudaturos

126 2342 322 2410 eum,
372 2320 437 2394 si
466 2332 542 2392 et
568 2340 746 2393 eum
778 2316 1041 2391 multis
1065 2317 1231 2389 aliis
1254 2342 1469 2389 suam
1496 2322 2014 2403 communicet
2045 2320 2152 2405 fib.

129 2436 492 2511 cultatem.
518 2465 555 2504 w
582 2436 713 2507 His
734 2433 1096 2507 adsensus
1116 2450 1283 2507 tum
1316 2434 1493 2509 urbi
1518 2434 1946 2535 pensemus,
1969 2462 2152 2521 ,cum

130 2554 301 2627 mihi
324 2552 581 2627 locum
608 2553 979 2652 magistris
1008 2552 1467 2625 destinatum
1488 2608 1511 2645 ,
1541 2556 1622 2627 in
1653 2553 1824 2627 aula
1859 2558 2160 2659 Capito-

128 2662 305 2763 lina,
328 2671 758 2760 tribuisset,
786 2669 1135 2747 militiam
1164 2672 1542 2763 retinens,
1567 2672 1970 2763 docebam,
2005 2698 2162 2747 ma-

125 2816 459 2895 gnusque
484 2788 679 2867 mihi
710 2812 1125 2890 coeperam
1114 2788 1375 2863 videri.

215 2911 328 2987 30.
382 2907 671 2984 Militiae
718 2912 1025 2983 interim
1088 2925 1457 3008 tempore,
1506 2908 1718 2985 nulla
1775 2910 2152 3010 graduum

129 3027 590 3105 redituumve
624 3027 1202 3117 imminutione,
1242 3029 1457 3124 quasi
1494 3027 1786 3101 occulte
1817 3026 2154 3119 labente,

124 3144 209 3217 ad
234 3144 469 3219 finem
496 3142 785 3217 militiae
810 3143 1144 3242 perveni.
1168 3146 1263 3213 Et
1292 3157 1672 3241 quantum
1705 3144 2016 3239 quidem
2057 3122 2160 3221 ad

126 3258 337 3355 lucra,
354 3266 575 3363 quasi
588 3261 909 3336 omnino
928 3285 1086 3333 non
1110 3258 1572 3351 militassem,
1593 3260 1880 3347 transii;
1902 3260 2156 3335 honor

126 3394 361 3456 autem
396 3378 593 3463 mihi
620 3379 939 3476 contigit
956 3432 977 3469 ‚
1003 3390 1079 3449 et
1104 3402 1147 3449 a
1182 3375 2156 3476 principibu3.reverentia;

61 3526 64 3529 ·
126 3512 224 3585 et,
250 3496 461 3597 quod
492 3522 671 3573 sane
697 3498 1047 3571 omnium
1066 3474 1590 3569 dulcissimum
1613 3548 1632 3585 ,
1657 3496 2147 3595 tranquillam

126 3636 249 3711 per
302 3619 537 3689 vitam
594 3617 919 3688 cucurri.
980 3616 1537 3715 sapientissima
1594 3638 1770 3687 vero
1821 3614 2145 3709 justitia,

126 3732 329 3826 justis
350 3758 475 3805 me
510 3730 907 3807 consolans
930 3730 1175 3803 modis
1195 3789 1217 3829 ,
1248 3730 1655 3823 militibus,
1694 3744 1785 3803 ut
1820 3728 1978 3800 dixi
2023 3753 2140 3817 ve-

132 3850 519 3925 nerabilem
561 3874 683 3921 me
715 3848 1067 3948 praebuit,
1106 3864 1181 3923 et
1222 3848 1703 3948 principibus
1735 3870 1896 3923 non
1941 3846 2138 3933 indi·

196 4004 263 4079 4.)
298 3998 421 4086 μηδ’
450 4012 520 4067 ἄν.
544 4004 693 4067 Cod.
718 4006 900 4083 μηδὲν.
1785 4096 1834 4168 6

1738 4122 1779 4170 2
