3050 5017
422 498 981 551 nmrunmcu:
1028 496 1427 548 nomnen:
1476 500 1634 549 mn.
1687 500 1780 549 11.
1975 476 2115 573 139

72 602 556 701 creduntur,
606 627 681 684 et
724 636 989 684 cursus
1034 610 1387 709 publicus
1412 668 1431 702 ,
1468 627 1544 684 et
1587 614 1827 712 gravis
1861 610 2115 684 multi·

76 720 282 795 tudo
310 727 1002 825 magistrianorum,
1026 728 1192 825 (qui
1220 727 1403 800 olim
1432 726 1910 802 frumentarii
1937 728 2119 800 dicti

76 852 281 909 sunt
297 838 363 937 ,)
388 856 463 913 et
484 840 775 917 fabrieae
801 858 1273 944 potestasque
1296 868 1722 935 armorum3
1757 870 2020 918 verum
2047 854 2122 915 et

80 954 441 1027 civilium
480 958 792 1061 insuper
828 984 1083 1033 rerum
1134 958 1681 1034 administratio
1705 1016 1726 1052 ,
1757 983 1839 1032 ac
1872 962 2122 1059 praeci-

82 1092 253 1164 pue
290 1076 505 1146 Petro
550 1074 661 1147 illi
714 1076 1157 1166 clarissimO,
1210 1076 1621 1149 virtutibus
1658 1076 1866 1148 nulla
1911 1078 1992 1147 in
2041 1099 2124 1145 re

86 1188 461 1285 cuiquam
516 1192 868 1266 secundo.
936 1196 1337 1266 Conservat
1382 1196 1588 1266 enim
1647 1193 2126 1291 custoditque

86 1302 385 1395 aulam,
435 1332 575 1379 nec
628 1312 1040 1383 Romanam
1098 1311 1387 1407 respuit
1446 1308 2080 1407 magnificentiam
2104 1363 2125 1399 ,

91 1447 331 1521 quam
376 1448 589 1523 paene
628 1428 1037 1499 extinctam
1071 1429 1417 1526 priorum
1458 1428 1748 1499 inscitia
1770 1481 1789 1516 ‚
1825 1442 1914 1499 ut
1947 1444 2126 1527 pote

93 1541 399 1638 sapiens
443 1557 518 1614 et
558 1541 773 1615 libris
822 1568 1063 1642 usque
1104 1542 1442 1633 deditus,
1496 1544 1842 1615 restituit.
1903 1546 2127 1642 Leges
2203 1570 2208 1577 ·

96 1670 357 1731 autem
382 1711 401 1747 ,
436 1658 499 1728 si
534 1660 706 1758 quis
726 1660 1087 1749 omnino,
1125 1658 1433 1751 callens,
1467 1659 1749 1758 quibus
1782 1684 1825 1730 a
1855 1661 2148 1731 teneris-

98 1772 542 1871 unguiculis
566 1774 908 1849 imbutus
925 1790 1055 1867 est,
1083 1778 1505 1874 petentium
1529 1774 1994 1848 defensorem
2021 1800 2130 1865 se,

95 1916 181 1962 ac
218 1914 610 1963 summum
666 1896 1179 1991 magistratum
1206 1947 1225 1983 ,
1274 1892 1734 1992 dignamque
1770 1906 2134 1993 potestate

98 2009 531 2105 gravitatem
565 2063 585 2099 ‚
620 2008 972 2109 idemque
1002 2026 1311 2083 acutum
1340 2036 1415 2082 se
1437 2009 1768 2106 judicem
1801 2026 1874 2082 et
1909 2010 2130 2082 nudae

96 2123 407 2219 justitiae
416 2126 497 2196 in
510 2124 922 2221 judicando
935 2126 1297 2199 cultorem
1320 2127 1676 2217 ostendit3
1691 2151 1936 2224 neque
1951 2151 2126 2197 eum

102 2264 450 2337 unquam
467 2238 755 2314 facilem
773 2240 1075 2314 fortuna
1097 2242 1442 2316 reddidit.
1467 2246 1902 2315 Mansuetus
1922 2244 2130 2313 enim

106 2369 215 2426 est
250 2368 331 2425 et
362 2353 780 2448 humanus;
820 2372 896 2429 at
930 2382 1090 2430 non
1126 2357 1347 2445 levis,
1402 2382 1652 2455 neque
1705 2356 2055 2455 precibu's
2088 2380 2132 2427 a

108 2473 267 2570 lege
296 2470 625 2546 flectitur
650 2502 671 2565 3
692 2473 834 2577 ‚sed
875 2474 1142 2548 firmus
1168 2472 1395 2547 simul
1431 2489 1578 2563 est,
1629 2474 2134 2573 praevidetque

105 2588 559 2661 adeuntium
606 2604 938 2661 conatus.
984 2589 1297 2663 Nullum
1333 2614 1509 2662 vero
1549 2605 1847 2689 tempus
1881 2590 2134 2661 remis-

110 2703 457 2778 sionibus
488 2705 905 2779 concedens
928 2762 949 2797 ,
980 2722 1199 2780 nocte
1233 2706 1445 2779 libris
1463 2760 1483 2795 ,
1514 2704 1636 2776 die
1665 2708 1984 2803 negotiis
2015 2730 2134 2779 va-

112 2838 273 2897 cat:
306 2824 499 2920 quin
540 2822 768 2896 domo
794 2825 874 2893 in
908 2823 1157 2895 aulam
1191 2824 1353 2897 iens
1376 2878 1397 2914 ,
1442 2848 1596 2895 non
1632 2822 1970 2920 quolibet
1991 2846 2134 2894 ser-

114 2964 343 3015 mone
364 2953 788 3030 contentus,
812 2940 1350 3037 quaestionibus
1369 2940 1676 3013 literatis
1699 2954 1772 3011 et
1797 2942 2142 3038 antiqua-

112 3080 287 3129 rum
304 3079 562 3127 rerum
578 3049 1288 3129 commemoratione
1302 3080 1475 3127 cum
1495 3055 1766 3127 harum
1789 3057 2138 3130 studiosis

118 3190 441 3248 tenetur.
475 3180 733 3275 Neque
761 3190 870 3247 est
900 3173 1149 3247 ullum
1186 3176 1254 3246 ei
1288 3188 1586 3273 tempus
1621 3169 2144 3246 doctrinarum

118 3293 591 3365 incuriosum
608 3346 629 3382 ,
670 3306 758 3365 ut
783 3291 1169 3371 literarum
1193 3289 1532 3363 doctores
1555 3314 1951 3361 occursum
1977 3291 2140 3387 ejus

114 3424 506 3500 metuant3
542 3411 905 3509 angustiis
946 3410 1150 3484 enim
1211 3432 1334 3481 eos
1372 3406 1715 3505 dolisque
1763 3405 2098 3506 implicat
2118 3460 2152 3497 λ

118 3528 452 3609 modeste
475 3528 851 3600 sciscitans
870 3580 892 3618 ,
916 3542 1006 3599 ut
1039 3526 1455 3624 ioquantur
1477 3524 1704 3596 modo
1732 3552 1748 3594 :
1780 3549 1938 3596 non
1961 3540 2143 3607 sunt

118 3659 375 3717 autem
406 3644 529 3715 isti
554 3642 732 3717 tales
752 3698 773 3733 ‚
810 3643 1065 3741 quales
1097 3668 1221 3716 eos
1253 3639 1445 3714 fama
1470 3636 1924 3713 circumfert.
1952 3639 2145 3712 Mihi

122 3785 296 3832 vero
348 3762 723 3859 praecipue
776 3758 1126 3859 caligines
1180 3746 1339 3832 non
1383 3782 1644 3859 parvas
1687 3770 1936 3829 movet
1981 3756 2150 3853 ejus

70 3960 89 3967 -
122 3875 595 3949 consuetudo
620 3905 636 3947 ε
660 3878 937 3949 etenim
967 3876 1292 3952 delector
1312 3900 1425 3970 eo,
1446 3876 1625 3972 quia
1647 3872 1896 3945 bonus
1915 3872 2147 3944 simul

126 4007 195 4075 et
225 3987 593 4083 liberalis,
627 4006 1063 4093 remotaque
1104 3990 1372 4067 stolida
1411 3990 1827 4089 arrogantia
1858 4045 1878 4082 ‚
1913 3989 2168 4071 comis.
