3050 5017
545 273 602 314 s

462 467 1005 520 :ineuntem
1054 468 1463 519 nomam:
1510 470 1674 519 mn.
1727 473 1776 521 1.
2029 448 2128 552 39

92 606 263 685 gere
284 583 649 683 cuiquam
682 636 705 671 ‚
760 582 909 655 nisi
938 579 1117 655 solis
1142 579 1477 681 regibus,
1510 580 1828 657 licebat:
1861 584 2130 658 trium·

98 702 339 803 phalis
364 704 657 801 quippe
690 722 867 774 cum
904 701 1123 798 equis
1160 701 1241 771 in
1272 718 1507 774 curru
1547 701 1897 775 incessus.
1919 704 2130 776 Buri·

98 820 361 893 challia
390 836 645 893 autem
676 816 1023 891 vehicula
1051 840 1095 889 a
1130 814 1455 889 bovibus
1478 820 1848 892 vocabant
1889 848 1907 892 τ
1947 846 2134 921 quo-

102 964 267 1013 rum
328 941 413 1013 in
434 941 675 1013 vicem
706 990 728 1027 ,
776 960 955 1009 cum
984 958 1185 1011 onus
1217 936 1664 1035 impositum
1713 964 1872 1011 non
1901 952 2088 1013 esset
2110 994 2134 1033 ,

104 1057 323 1133 mulis
338 1059 617 1157 jugum
654 1052 1071 1128 tradebant.

166 1312 309 1365 CUE
354 1308 889 1361 mscml’nonns
936 1308 1397 1359 mammarum
1445 1308 1739 1359 '1¹11'OEoe
1785 1310 2066 1362 ΒΟΠΔΝῙ

975 1422 1284 1474 VOCENT..
1346 1432 1352 1439 ’

206 1660 317 1737 19.
372 1636 589 1709 Titus
616 1634 923 1723 Tatius,
965 1630 1420 1707 Sabinorum
1448 1656 1614 1726 rex,
1643 1635 1960 1732 junctus
1980 1688 2002 1725 ‚
2047 1652 2140 1712 ut

108 1780 321 1855 supra
355 1754 727 1843 diximus,
778 1752 1179 1843 Romanis,
1220 1752 1324 1823 ita
1364 1752 1566 1824 inter
1597 1777 1674 1826 se
1709 1752 1971 1827 ambos
2003 1780 2136 1855 po·-

114 1876 323 1976 pulos
354 1876 759 1975 conjunxit
792 1928 816 1967 ‚
870 1887 961 1947 ut
990 1898 1149 1947 non
1183 1874 1513 1973 amplius
1547 1874 1715 1949 duae
1741 1932 1765 1969 ,
1823 1877 1953 1950 sed
1981 1902 2140 1951 una

117 1996 409 2097 solaque
475 2002 993 2069 Romanorum
1058 1993 1482 2093 respublica
1551 1995 2137 2095 adpellarentur.

119 2114 255 2203 Qui
285 2138 467 2187 cum
492 2114 707 2185 Titus
732 2112 988 2183 Tatius
1012 2126 1440 2202 vocaretur,
1474 2109 2142 2187 diminutive'titu·

116 2226 349 2303 lum-a
395 2231 651 2331 primo
702 2230 869 2302 Tito
917 2229 1489 2329 inscriptionem
1535 2227 1953 2303 nobilitatis
1979 2283 2003 2321 ,
2064 2246 2142 2306 et

112 2348 301 2419 Titos
316 2344 561 2419 nobili
584 2346 819 2445 stirpe
838 2346 1129 2445 genitos
1150 2344 1509 2420 dixerunt
1529 2400 1551 2437 ‚
1577 2361 1666 2419 ut
1684 2346 1793 2420 ait
1807 2347 2137 2441 PersiuS,

116 2467 505 2539 Romanus.
544 2470 711 2538 Haee
746 2464 842 2537 de
886 2462 1149 2538 titulis·

206 2604 322 2653 πο.
374 2582 665 2671 Quovis
704 2595 959 2653 autem
1012 2579 1303 2654 honore
1347 2580 1715 2679 majorem
1759 2580 2144 2655 ducebant

116 2696 419 2770 Romani
452 2697 753 2799 patricii
789 2696 1069 2771 bonam
1099 2696 1373 2769 famam
1412 2696 1942 2771 munificentia
1974 2723 2140 2798 par-

120 2824 259 2884 tam
300 2840 324 2903 3
376 2827 454 2885 et
514 2836 673 2913 quo
739 2811 999 2913 plures
1062 2809 1461 2885 familiares
1531 2811 1912 2887 habebant
1954 2866 1976 2905 ‚
2051 2838 2142 2887 eo

120 2930 465 3025 majorem
516 2950 733 3003 suam
780 2954 933 3030 proe
977 2929 1347 3020 aliorum,
1408 2928 1696 3028 quibus
1751 2933 2144 3029 pauciores
2181 2918 2188 2924 ⁶

116 3062 382 3141 essent,
416 3046 731 3149 gloriam
762 3046 1311 3125 existimabant.
1336 3048 1574 3121 Testis
1591 3062 1706 3119 est
1725 3052 1764 3118 J
1771 3048 2147 3141 uvenaliS,

116 3166 487 3237 Romanus
507 3218 530 3253 ,
588 3188 767 3264 qum
806 3166 957 3255 ait,
1003 3180 1079 3237 et
1120 3162 1443 3239 fascibus
1494 3178 1572 3237 et
1613 3164 2026 3264 triumphis
2069 3179 2148 3239 et

118 3278 475 3377 praeelaris
526 3280 905 3357 bellorum
973 3278 1437 3357 facinoribus
1486 3280 1850 3375 majorem
1918 3279 2150 3356 fuisse

118 3399 445 3497 antiquis
471 3398 1015 3473 munificentia„²
1042 3396 1379 3497 gloriam.
1430 3394 1862 3471 Familiares
1889 3412 2146 3471 autem

122 3538 287 3589 suos
312 3515 644 3606 clientes,
661 3542 799 3618 per
810 3514 1305 3591 antistichum
1328 3509 1872 3613 p'roeolienoes,
1903 3518 2150 3615 patrio

118 3658 457 3712 sermone
472 3634 827 3711 dicebant
842 3689 864 3726 ‚
890 3634 967 3708 id
990 3648 1103 3706 est
1122 3687 1144 3724 ‚
1173 3632 1639 3707 honorantes
1661 3649 2152 3734 amantesque

124 3750 355 3849 ipsos,
384 3778 562 3827 eum
594 3777 899 3829 summo
928 3751 1219 3827 honore
1244 3750 1762 3851 modestiaque
1789 3750 1990 3823 dona
2021 3751 2156 3823 lar·

125 3870 401 3965 gientes
421 3926 442 3963 ‚
488 3886 580 3945 ut
628 3894 953 3943 munera
1008 3894 1145 3943 sua
1182 3870 1603 3943 amicorum
1659 3867 1986 3943 honores
2027 3868 2153 3942 ad·
2189 3908 2196 3921 ·
2269 3934 2280 3951 .

126 3984 507 4081 pellax-ent.
534 3992 773 4071 Nemo
786 4002 1039 4065 autem
1062 3988 1359 4092 patricii
1380 3986 1959 4067 familiaritatem
1979 4012 2157 4062 con-
