3050 5017
500 499 1057 550 animumn:
1110 499 1513 552 noman
1565 503 1717 553 mn.
1768 505 1818 553 1.
2083 475 2181 553 53

116 609 459 682 historia
517 613 847 693 tradidit.
899 617 1002 685 Ac
1036 613 1309 686 deinde
1340 613 1548 688 velut
1587 617 1668 686 in
1717 614 2045 688 tenebris
2089 613 2176 687 li·

120 725 455 802 ber-tatis
489 755 771 804 nomen
809 731 1063 804 eluxit.

472 991 567 1039 m:
618 991 1033 1042 CONSULATU
1084 989 1380 1052 BUSQUB
1428 989 1846 1040 msmlvnms.

244 1193 367 1270 30.
420 1185 704 1280 Ῠπᾰτους
745 1200 980 1272 Graeci
1027 1195 1347 1272 excelsos
1377 1222 1842 1298 magnosque
1866 1189 2136 1273 rooent
2157 1254 2180 1293 ‚

130 1315 479 1416 neglecta
523 1341 695 1388 vera
747 1319 1079 1391 nominis
1132 1315 1704 1416 significatione.
1757 1321 2054 1390 Etenim
2111 1326 2180 1392 τό

132 1431 416 1506 consul
450 1431 850 1525 Italorum,
889 1449 977 1506 ut
1016 1458 1130 1508 res
1158 1436 1317 1532 ipsa
1352 1431 1497 1506 fert
1519 1489 1542 1524 ,
1577 1461 1735 1508 non
1761 1432 2131 1507 excelsum
2156 1489 2179 1526 ,

134 1548 269 1620 sed
304 1565 701 1646 prytanem
734 1549 1125 1648 significat.
1146 1553 1477 1622 Consum
1513 1552 1720 1622 enim
1756 1548 1869 1621 illi
1906 1554 2179 1648 Neptu·

139 1690 339 1740 num
361 1664 714 1738 dicebant
737 1666 1114 1739 :occultus
1132 1692 1307 1740 vero
1334 1665 1483 1757 ille,
1504 1666 1650 1739 sub
1665 1665 1894 1738 undis
1915 1665 2180 1757 latens,

137 1798 371 1880 atque
386 1835 409 1872 ‚
437 1797 525 1854 ut
547 1784 791 1882 poetis
812 1783 1131 1882 placuit,
1164 1799 1373 1856 terrae
1394 1797 1878 1882 quassator....
1904 1779 2184 1856 Eadem

138 1899 437 1971 ratione
471 1899 783 1972 consilia
821 1899 916 1972 ab
952 1901 1045 1972 iis
1072 1900 1664 1974 consultationes
1711 1899 2184 1974 deliberatio·
2219 1985 2226 1994 ,

138 2040 431 2114 nesque
463 2031 751 2088 secretae
791 2039 835 2088 a
879 2017 1201 2090 condere
1240 2018 1365 2116 (id
1397 2033 1552 2109 est,
1600 2015 2028 2117 occultare)
2069 2018 2182 2091 di-

138 2145 455 2222 cuntur,
483 2148 559 2205 et
574 2132 841 2206 consul
860 2145 1223 2232 tanquam
1241 2150 1572 2207 mentem
1594 2133 1872 2226 celans3
1889 2135 2182 2234 quippe

139 2249 283 2348 qui
319 2251 727 2348 prospiciat
746 2305 769 2341 ‚
816 2275 1110 2349 proque
1136 2249 1523 2348 republica
1556 2275 1810 2322 secum
1845 2253 2184 2348 cogitans

141 2366 423 2466 vigilet.
508 2370 701 2440 Hinc
772 2369 999 2440 etiam
1074 2368 1459 2440 censualia
1533 2369 1838 2467 antiqui
1915 2393 2182 2442 cursus

144 2499 525 2582 equestres
576 2483 905 2557 ludicros
959 2486 1229 2558 dicunt
1276 2513 1293 2556 :
1340 2499 1764 2584 equestrem
1822 2486 2028 2557 enim
2079 2483 2181 2558 fa·

146 2601 327 2674 bula
360 2601 685 2702 adpellat
717 2607 1184 2704 Neptunum.
1221 2609 1389 2676 Haec
1434 2603 1530 2676 de
1561 2601 1746 2677 Italo
1773 2601 2176 2707 consulum

146 2743 483 2792 nomine.

246 2835 370 2908 31.
420 2837 801 2926 Quoniam
860 2859 1037 2910 vero
1092 2837 1518 2935 primorum
1573 2832 1976 2908 consulum
2045 2858 2178 2907 no-

150 2955 357 3026 mina
408 2979 632 3027 nemo
688 2955 1032 3052 ignorat3
1093 2978 1331 3052 pauca
1388 2953 1728 3052 quaedam
1792 2953 1885 3025 de
1947 2957 2182 3025 Bruto
2291 2949 2322 3012 ἰ

148 3071 482 3144 dicenda.
514 3071 787 3141 Junius
830 3071 1229 3169 proprium
1278 3071 1421 3142 viri
1461 3094 1740 3142 nomen
1777 3084 1970 3159 erat;
1999 3073 2179 3140 Bru·

148 3203 315 3261 tum
370 3203 621 3261 autem
650 3243 671 3274 ‚
738 3186 1156 3259 secundum
1196 3186 1788 3284 cognominandi
1843 3211 2129 3259 morem
2155 3241 2177 3276 ,

144 3330 321 3377 eum
356 3331 401 3378 a
436 3304 781 3377 simulata
822 3304 984 3401 ejus
1018 3302 1332 3375 stultitia
1372 3301 1736 3374 v‘ocabant
1782 3329 1800 3373 ε
1855 3307 2172 3376 Brutum

146 3422 349 3492 enim
398 3420 565 3492 Itali
593 3421 773 3493 olim
808 3423 1050 3519 patrio
1075 3443 1417 3492 sermone
1444 3417 1766 3491 stultum
1800 3442 1843 3489 a
1873 3433 2179 3518 torpore

148 3539 423 3608 mentis
452 3535 947 3636 adpellabant.
984 3539 1120 3608 Hic
1144 3591 1167 3625 ‚
1213 3551 1305 3609 ut
1331 3533 1485 3607 dixi
1516 3589 1540 3624 ‚
1581 3533 1979 3607 stultitiam
2031 3533 2178 3607 fin·-

147 3683 365 3756 genS,
391 3672 693 3758 tempus
710 3656 1085 3756 quaerebat
1106 3658 1608 3756 Tarquinium
1629 3711 1650 3744 ‚
1673 3657 1924 3729 virum
1950 3655 2174 3746 inter,

150 3776 281 3870 qui
310 3799 649 3872 unquam
674 3777 977 3865 tyranni
999 3773 1243 3864 fuere,
1269 3772 1912 3858 crudelissimum,
1940 3794 2176 3869 regno
2273 3759 2280 3768 ¹

150 3889 587 3988 expellendi.
616 3893 770 3983 Qui
787 3917 966 3968 cum
998 3891 1354 3994 (Athenis
1374 3915 1552 3965 cum
1576 3891 1670 3964 iis
1693 3887 2003 3986 degens,
2035 3885 2176 3986 qui

224 4045 297 4117 3)
328 4042 479 4106 cod.
516 4047 753 4129 κονδὸρσ.
