3050 5017
420 470 977 521 nnrrnnmcu
1030 466 1442 520 Romanu:
1492 470 1644 518 mn.
1698 472 1825 518 111.
1989 442 2120 517 251

134 588 363 651 nantes
413 636 433 671 ,
503 608 885 681 aggressus
926 638 947 675 ,
1004 598 1291 683 raptam
1345 584 1771 654 universam
1837 595 2134 678 gentem

128 714 297 763 cum
352 698 631 799 Vittige
673 714 999 791 tyranno
1051 699 1273 773 nobis
1326 697 1676 787 adduxit,
1742 702 2139 793 Romaeque

126 830 251 881 sua
292 816 637 889 restituit.

224 924 340 999 56.
390 934 584 1003 Cum
632 947 886 1005 autem
932 946 1007 1005 et
1046 934 1443 1007 sicambris
1491 928 1883 1033 invigilare
1917 934 2140 1006 mini-

128 1058 404 1119 taretur
425 1047 783 1145 (Francos
806 1074 931 1125 eos
950 1074 994 1121 a
1014 1042 1206 1123 duce
1234 1066 1445 1125 nunc
1472 1067 1741 1126 vocant
1757 1108 1777 1141 ,
1801 1053 2148 1151 quicirca

126 1162 471 1237 Rhenum
508 1166 1115 1265 Rhodanumque
1150 1167 1582 1261 incolunt),
1615 1172 1890 1242 iterum
1921 1166 2146 1239 Chos-

128 1304 317 1369 rQeS,
349 1285 562 1380 quasi
600 1282 995 1383 nupernil
1018 1299 1272 1357 actum
1298 1340 1319 1374 ‚
1348 1288 1592 1377 Syrias
1618 1285 1711 1357 de
1741 1285 2148 1383 improviso

126 1397 393 1469 invasit
413 1453 434 1490 ,
496 1402 1008 1473 Romanorum
1077 1402 1313 1501 copiis
1369 1425 1511 1499 pro
1571 1401 1851 1493 Libya,
1916 1422 2146 1499 quam

124 1514 455 1587 Maurisii
510 1516 931 1613 agitabant,
985 1531 1060 1589 et
1112 1518 1515 1592 Occidente
1543 1573 1563 1609 ,
1616 1543 1845 1617 quem
1901 1532 2146 1589 totum

128 1630 321 1701 Getae
369 1630 809 1721 turbabant,
864 1632 1422 1731 pugnantibus,
1478 1633 1792 1707 Colchos
1845 1656 2023 1705 vero
2077 1646 2152 1704 et

127 1748 531 1820 Caucasum
564 1749 895 1841 Scythis,
928 1764 1002 1823 et
1034 1750 1421 1823 Thraciam
1456 1754 1882 1824 innumeris
1912 1750 2150 1822 veluti
2249 1844 2260 1857 ι

124 1860 393 1935 belluis
416 1862 879 1938 vexantibus
908 1870 999 1938 Et
1024 1869 1429 1967 imperator
1450 1866 1760 1967 quidem
1790 1866 2150 1939 omnibus

120 1975 335 2051 bellis
366 1978 820 2073 sufficiebat,
845 1986 1057 2081 quasi
1082 1999 1341 2055 contra
1367 2009 1615 2055 unum
1645 2008 1995 2083 pugnans
2027 2011 2043 2053 τ
2075 1996 2152 2053 at

120 2093 554 2191 praefectura
577 2072 935 2169 'atalibus
966 2098 1312 2210 procellis
1347 2098 1738 2197 agebatur3
1770 2123 1944 2170 cum
1975 2098 2149 2170 sub·

122 2209 257 2280 diti
298 2210 633 2283 immotis
662 2214 1543 2314 possessionibus‘inopia
1577 2216 2107 2286 renuntiarent
2127 2268 2152 2305 ,

120 2341 637 2427 exactoresque
664 2330 985 2423 tributa,
1010 2332 1219 2431 quod
1246 2333 1625 2427 tributarii
1649 2330 1844 2404 nulli
1867 2345 2146 2421 essent,

122 2445 665 2544 imperantibus
684 2472 913 2546 porro
940 2446 1217 2521 inferre
1243 2475 1400 2522 non
1430 2461 1755 2550 possent.
1793 2444 2148 2519 sufficere

120 2574 368 2634 tamen
422 2567 651 2637 tantis
710 2578 1019 2664 tamque
1060 2568 1487 2639 necessariis
1540 2562 1921 2638 sumtibus
1976 2579 2143 2635 tum

120 2681 475 2776 temporis
507 2677 896 2780 praefectus
945 2681 1367 2781 cogebatur.
1405 2686 1703 2780 Itaque,
1753 2676 1962 2778 quod
2017 2704 2145 2749 ne·

120 2816 309 2865 cesse
346 2809 539 2887 erat,
574 2795 767 2869 alius
810 2822 897 2869 ex
928 2796 1075 2871 alio
1100 2852 1121 2887 ,
1156 2796 1586 2895 frequentes
1627 2794 1858 2867 simul
1897 2816 2142 2865 succe-

120 2906 375 2983 dentes
410 2924 485 2983 et
520 2914 947 2986 necessitate
986 2938 1275 3011 graves,
1316 2894 1834 3011 magistratum
1879 2906 2141 2980 dilace-

119 3048 388 3099 ravere.
420 3025 778 3099 Officium
804 3052 980 3101 vero
1002 3080 1023 3117 ,
1050 3030 1262 3100 omni
1291 3030 1562 3100 amisso
1587 3026 1879 3097 honore
1900 3081 1921 3116 ,
1947 3025 2144 3123 peri·

120 3139 240 3212 bat
269 3171 287 3213 z
318 3140 819 3241 pereuntibus
856 3145 1063 3217 enim
1085 3197 1105 3236 ,
1139 3141 1421 3244 quibus
1454 3156 1753 3214 steterat
1774 3195 1795 3232 ,
1847 3165 2143 3213 necesse

102 3268 271 3331 'erat
301 3262 556 3357 ipsum
584 3284 894 3359 quoque
921 3258 1189 3359 perire.
1550 3346 1558 3354 ,

220 3374 339 3474 57.
410 3380 504 3447 Et
563 3374 994 3475 impellebat
1044 3370 1604 3477 quodammodo
1657 3370 1894 3447 fatum
1923 3426 1946 3461 ,
2004 3372 2144 3471 qui
2221 3366 2234 3373 ’

125 3496 560 3567 memoriam
593 3492 802 3567 mille
838 3492 1211 3568 malorum
1248 3506 1577 3582 revocat,
1621 3495 1938 3563 Joannes
1975 3490 2143 3588 qui-

126 3609 336 3702 dam,
368 3610 677 3683 Mazacis
721 3609 1093 3685 oriundus
1141 3614 1573 3704 (Caesaream
1625 3604 1820 3679 hanc
1873 3604 2138 3678 urbem

124 3724 459 3799 Tiberius
491 3730 722 3800 Caesar
757 3730 1213 3819 nominavit,
1239 3724 1682 3799 Archelaum
1708 3778 1729 3813 ,
1763 3722 2142 3821 Cappado-

125 3866 289 3913 cum
325 3866 572 3945 regem-
593 3899 614 3936 ,
635 3842 811 3917 dolo
836 3845 1273 3918 accersitum
1300 3836 1550 3916 Romae
1578 3842 1927 3913 retinens.
1958 3844 2142 3937 ›Cap-

122 3961 503 4057 padociam
540 3963 735 4038 idem
760 4018 780 4059 ,
816 3990 990 4039 cum
1030 3965 1253 4039 initio
1294 3988 1452 4037 non
1502 3958 1800 4049 fuisset,
1844 3960 2140 4058 primus
