3050 5017
1002 487 1295 546 inunt.
1673 507 1680 514 ·
2133 492 2176 576 7

138 605 631 711 paragaudis3
678 607 817 682 ubi
852 623 930 681 et
955 606 1050 679 de
1077 607 1473 704 campagis.
1510 605 2183 710 Quid-significent

140 728 369 802 tituli.
388 726 795 802 Munificos
816 715 1044 798 fuisse
1059 738 1341 796 veteres
1364 737 1761 800 senatores.
1782 729 2000 804 Unde
2022 730 2182 804 duo

142 860 215 918 et
239 847 391 918 tria
415 843 797 918 veteribus
822 841 1135 917 nomina
1162 836 1473 911 fuerint.

248 963 323 1034 8.
375 962 623 1034 Tertia
656 959 961 1049 electio,
1012 969 1439 1056 quaestores.
1486 954 1742 1030 Alium
1775 978 1930 1040 esse
1977 985 2178 1059 quae..

142 1093 421 1185 stoi-em
448 1132 471 1166 ‚
498 1077 738 1151 alium
772 1075 1271 1178 quaesitorem.
1301 1075 1411 1146 De
1440 1073 1840 1150 consulatu
1868 1080 2180 1180 ejusque

145 1195 597 1295 insignibus.
828 1257 833 1260 .

244 1337 319 1411 9.
370 1313 657 1402 Quarta
686 1308 950 1382 electio
968 1361 993 1398 ‚
1022 1304 1538 1380 decemviralis
1561 1323 1905 1408 potestas.

254 1453 370 1500 1o.
422 1430 709 1520 Quinta
756 1425 1023 1500 electio
1043 1479 1065 1517 ,
1132 1425 1503 1498 dictatura
1541 1481 1564 1516 ‚
1639 1442 1715 1500 et
1765 1428 1900 1527 huj
1911 1456 1999 1504 us
2052 1455 2186 1505 no·

150 1547 385 1618 minis
426 1542 899 1642 significatio.
942 1545 1193 1634 Quot,
1244 1557 1319 1616 et
1352 1541 1448 1615 ad
1482 1567 1714 1643 quem
1755 1571 2000 1646 usque
2029 1545 2186 1622 fue-

148 1663 313 1734 rint
349 1661 769 1735 dictatores.
824 1697 833 1704 ·

262 1801 377 1850 11.
428 1783 641 1855 Sexta
676 1775 941 1850 electio
960 1828 983 1866 ‚
1058 1777 1415 1862 censura·
1397 1829 1419 1866 ‚
1486 1779 1570 1849 in
1620 1804 1778 1876 quo
1811 1795 1888 1854 et
1932 1781 2028 1855 de
2070 1792 2192 1857 co·

152 1895 431 1969 moedia
453 1893 963 1996 tmgoediaque
984 1946 1007 1984 ‚
1050 1909 1125 1967 et
1143 1919 1301 1993 quo
1332 1908 1672 1994 tempore
1695 1923 1814 1972 ess
1843 1903 2196 1976 noverint

151 2014 498 2088 Romani.
528 2016 777 2104 Quare
816 2011 1243 2084 luxuriosos
1278 2027 1742 2112 nepotesque
1767 2017 2029 2090 eodem
2056 2042 2192 2091 no·-

153 2133 365 2204 mine
386 2129 634 2232 patrio
664 2150 1013 2202 sermone
1036 2125 1418 2225 adpellent
1443 2131 1791 2204 Romani.

264 2271 293 2320 1
308 2271 377 2322 2.
428 2247 760 2346 Septima
789 2242 1053 2318 electio
1078 2297 1101 2332 ‚
1164 2241 1621 2318 tribunatus.
1651 2249 1824 2337 Quo
1860 2263 2198 2349 tempore

154 2367 401 2464 capita
434 2361 812 2436 militibus
837 2360 1049 2452 data,
1094 2373 1171 2432 et
1204 2381 1345 2433 cur
1380 2363 1626 2460 capita
1663 2362 2038 2439 dicantur.
2087 2373 2199 2440 De

156 2484 551 2581 copiarum
588 2478 989 2555 ordinibus
1040 2477 1638 2612 nominibusque
1680 2495 1756 2554 et
1798 2483 2156 2582 gradibus
2175 2534 2199 2578 ‚

158 2625 299 2674 nec
348 2623 508 2672 non
562 2598 656 2671 de
699 2595 1103 2670 tironibus.

270 2715 379 2789 13.
432 2719 707 2790 Octava
746 2712 1013 2787 electio
1030 2765 1053 2803 ‚
1101 2727 1469 2812 praetores.
1523 2714 1956 2796 Praefectum
1985 2718 2200 2792 urbis

158 2831 623 2908 hodiernum
670 2855 922 2905 unum
968 2825 1198 2902 fuisse
1250 2854 1293 2902 e
1347 2829 1726 2906 veteribus
1775 2837 2143 2934 praetoriis
2170 2887 2198 2928 ,

160 2947 549 3024 custodem
583 2947 799 3022 urbis
832 2945 1316 3046 adpellatum.

270 3075 382 3158 14.
434 3071 645 3146 Nona
676 3067 939 3144 electio
957 3122 980 3160 ‚
1012 3064 1403 3168 praefectus
1434 3068 1779 3169 vigilum.
1859 3133 1869 3144 .

738 3265 1028 3316 mnu
1102 3263 1616 3317 secun-uus.

260 3444 353 3490 ·1.
398 3417 509 3486 De
531 3417 805 3488 Caesare
830 3429 909 3489 et
940 3414 1105 3512 ejus
1134 3373 1594 3523 insignibus.

266 3561 338 3606 2.
391 3535 501 3606 De
556 3535 915 3632 Augusto.
974 3535 1169 3606 Eum
1224 3535 1568 3632 primum
1623 3531 1916 3610 sublata
1965 3542 2196 3638 magi·

159 3666 495 3724 suorum
530 3651 881 3749 equitum
912 3664 1277 3749 potestate
1299 3703 1321 3742 ,
1374 3651 1814 3754 praefectum
1843 3661 2198 3756 praetorio

164 3790 465 3844 creasse.

268 3879 341 3955 3.
391 3881 504 3954 De
532 3877 868 4004 vestibus
910 3879 1432 3997 imperatoriis·
1543 3991 1546 4000 Ι

250 4035 333 4112 9)
368 4035 521 4115 0⁰3·
549 4039 819 4122 “mmm
