3050 5017
427 424 997 487 nmrunmcuz
1044 422 1646 475 nouum-ur.
1697 427 1828 478 111.
2001 370 2149 496 26'5

205 540 325 617 62.
380 538 719 613 Collectae
749 540 982 637 igitur
1007 540 1391 611 immensae
1422 531 1704 611 ‘divitiae
1733 539 2152 635 justissimo

109 656 448 759 praefecto
486 685 503 729 :
546 656 733 731 adeo
767 672 857 732 ut
888 654 987 731 ad
1022 654 1507 747 tyrannidem
1539 680 1719 731 eum
1757 654 2154 729 hortaren-

114 790 279 865 tur,
352 775 844 851 audacissima
909 772 1183 873 populi
1232 786 1445 872 parte
1480 796 1658 849 cum
1711 796 1804 846 eo
1855 786 2100 847 stante
2127 824 2156 861 ‚

112 907 571 989 conatusque
592 890 1013 987 adjuvante.
1049 892 1295 982 Quam
1314 888 1572 971 colens
1589 888 2162 986 conciliansque

112 1008 249 1081 sibi
272 1063 295 1099 ,
352 1034 512 1099 non
548 1000 845 1105 putarit
878 1032 959 1083 se
990 1028 1536 1106 persuasurum
1569 1058 1592 1095 ,
1645 1006 1816 1103 ejus
1847 1028 1928 1083 se
1961 1018 2160 1081 notae

113 1142 485 1199 amantem
514 1150 665 1199 esse
685 1182 706 1217 ,
740 1126 933 1212 nisi,
968 1128 1049 1197 in
1083 1124 1473 1202 Orientem
1504 1123 1928 1221 trajiciens,
1963 1126 2158 1223 ipse,

113 1260 184 1319 et
210 1246 477 1322 florida
506 1248 873 1319 virentem
906 1243 1154 1320 colore
1183 1258 1462 1319 vestem
1492 1242 1818 1319 indutus
1841 1298 1864 1333 ,
1907 1242 2161 1317 omni-

112 1360 250 1433 bus
282 1359 727 1435 manifestus
756 1358 988 1438 fieret.
1015 1366 1105 1433 Et
1124 1360 1331 1460 apud
1356 1359 1624 1437 Cilices
1647 1358 1960 1460 quidem
1987 1382 2160 1459 qum

115 1482 346 1577 egerit
367 1534 391 1571 ,
448 1479 909 1578 quantisque
943 1476 1228 1554 tributa
1258 1476 1659 1568 oneribus,
1705 1492 1970 1553 contra
2005 1480 2162 1550 im-

118 1599 479 1695 paatoris
513 1596 1114 1672 benevolentiam
1132 1650 1154 1687 ‚
1212 1598 1573 1695 gravarit,
1608 1620 1836 1673 nemo
1867 1611 1980 1670 est
2018 1598 2162 1694 qni

120 1712 437 1810 ignoret·
486 1714 595 1787 Ad
652 1738 793 1788 nos
840 1728 1097 1787 autem
1156 1736 1538 1805 reversus,
1602 1738 1781 1789 cum
1835 1734 2162 1787 oceanos

116 1832 613 1925 pecuniarum
664 1840 771 1907 se·
806 1827 1421 1907 circumfluentes
1475 1828 1764 1905 videret
1793 1884 1816 1919 ,
1894 1852 2166 1903 omnes

116 1942 519 2021 familiares
560 1970 779 2041 suos,
830 1948 1027 2045 quin
1078 1942 1305 2022 etiam
1344 1970 1673 2045 coquos,
1729 1945 1826 2019 ad
1871 1947 2160 2045 primas

118 2061 551 2159 reipublicae
610 2058 1013 2160 dignitates
1064 2064 1321 2160 rapuit
1370 2088 1387 2133 ε
1444 2076 1536 2137 ut
1593 2066 1984 2139 neminem
2043 2058 2165 2137 vel

120 2203 153 2249 e
214 2180 621 2276 mancipiis
680 2179 839 2251 suis
902 2179 1333 2277 ingentium
1398 2202 1642 2277 opum
1703 2193 1782 2254 et
1851 2177 2170 2255 honoris

120 2293 533 2367 curialibus
574 2294 893 2394 optandi
936 2309 1315 2395 expertem
1360 2294 1777 2394 reliquerit.
1825 2298 1992 2394 Ipse
2029 2320 2163 2371 au·

123 2424 269 2483 tem
362 2408 891 2484 luxuriabatur
934 2467 959 2500 ,
1040 2434 1221 2483 cum
1286 2409 1866 2495 adolescentulis
1947 2410 2168 2509 depi-

124 2524 327 2599 libus
362 2540 438 2597 et
464 2525 865 2625 impubere
894 2528 1121 2599 etiam
1158 2542 1471 2625 propter
1514 2528 1856 2625 corporis
1890 2525 2163 2601 laevita·

126 2656 275 2713 tem
334 2641 697 2742 adspectu
726 2698 751 2735 ,
828 2668 1160 2743 cumque
1220 2658 1650 2719 scortorum
1725 2644 2168 2741 impudicis·

127 2750 333 2831 simis
368 2784 523 2831 una
574 2760 870 2851 lavans,
923 2785 1011 2833 ac
1042 2759 1389 2833 faciendo
1418 2759 1654 2833 simul
1685 2775 1762 2831 et
1807 2760 2170 2859 patiendo

129 2872 540 2949 libidinans
568 2928 591 2965 ,
640 2891 968 2975 utroque
1018 2876 1311 2975 pallens
1356 2874 1670 2965 morbo,
1714 2900 2172 2975 merumque

128 2991 217 3063 ad
261 3008 457 3065 tosta
508 3007 661 3065 tam
708 2992 1201 3067 immoderate
1252 2994 1614 3071 hauriens
1637 3049 1658 3085 ,
1713 3008 1804 3067 ut
1859 2996 1941 3069 in
1992 2995 2174 3071 sella

134 3125 479 3185 extensus
494 3110 590 3184 ab
618 3111 849 3185 nudis
862 3108 1299 3201 referretur,
1320 3112 1648 3185 vicissim
1673 3102 2173 3187 obsoniorum

134 3250 393 3301 acervo
442 3229 715 3301 vinum
766 3229 1173 3327 operiente.
1215 3230 1358 3303 Cui
1409 3226 1728 3319 luxuriae
1779 3253 1960 3301 cum
2011 3256 2172 3305 non

136 3344 559 3441 subjectum
608 3344 787 3417 urbi
833 3342 1113 3419 fretum
1140 3400 1161 3435 ‚
1212 3344 1372 3417 non
1408 3359 1616 3417 totus
1643 3343 2174 3443 Hellespontus

138 3458 557 3551 sufficeret3
597 3476 851 3559 postea
877 3517 898 3552 ,
946 3488 1106 3533 non
1140 3463 1443 3560 pectine
1464 3515 1485 3552 ,
1522 3468 1684 3533 non
1710 3463 2172 3560 acipensere,

144 3598 297 3650 non
370 3600 773 3651 aureorum
832 3580 1159 3677 piscium
1224 3579 1423 3649 varia
1474 3579 1689 3676 copia
1750 3580 1833 3649 in
1909 3578 2176 3677 pelago

138 3692 397 3769 relicta
421 3748 443 3786 ,
492 3693 587 3767 ad
616 3699 1000 3769 Euxinum
1038 3720 1117 3769 se
1146 3695 1462 3771 luxuriae
1490 3697 1828 3769 ministri
1867 3718 2176 3773 conver·

228 3874 299 3951 7)
339 3872 506 3953 Lego
532 3875 592 3931 οὑ
618 3875 1011 3953 χρυσοὸαφοῦς.
1117 3940 1125 3945 .

224 3968 295 4051 8)
336 3967 487 4034 Cod.
508 3971 939 4049 mamaeae.

1741 4060 1853 4155 ‚³4

917 4258 953 4273 «θ
