3050 5017
786 407 1018 507 lxxvj
1425 430 2178 496 couMENTAmus

783 578 872 650 in
899 572 1154 650 medio
1195 572 1374 650 folia
1415 597 1713 650 mcxxv
1760 589 2115 674 consuta,
2170 600 2342 674 quae
2362 575 2522 652 sola
2546 599 2841 650 nume-

782 709 891 784 ris
933 718 1188 784 notata
1215 720 1394 784 sunt
1433 737 1450 782 :
1481 710 1569 784 in
1600 709 1721 784 his
1754 708 1950 784 liber
1985 709 2079 784 de
2111 709 2679 809 Magistratibus
2704 710 2839 784 in-

789 842 973 940 cipit
1039 839 1170 916 fol.
1229 865 1322 940 27
1383 857 1603 917 recto.
1657 843 1972 918 Summa
2041 844 2395 918 omnium
2453 839 2837 918 foliorum

788 987 901 1049 est
941 999 1043 1048 011
1075 1003 1091 1048 ε
1121 977 1402 1074 quibus
1431 975 1637 1076 Lydi
1678 1001 1908 1076 opera
1930 1003 2139 1052 nunc
2159 979 2269 1051 sic
2306 978 2835 1070 continentur,

786 1121 878 1182 ut
933 1109 1126 1184 liber
1169 1110 1263 1182 de
1297 1111 1697 1184 Mensibus
1748 1121 1953 1186 totus
2000 1108 2498 1207 desideretur,
2551 1123 2837 1209 praeter

787 1241 945 1317 duo
973 1243 1106 1318 ina
1135 1217 1362 1338 folia,
1417 1244 1747 1342 librique
1796 1242 1892 1318 de
1926 1244 2264 1341 ostentis
2294 1244 2487 1320 desit
2524 1245 2836 1320 circiter

787 1389 1059 1475 quarta
1101 1404 1312 1476 pars,
1366 1379 1544 1452 libri
1585 1376 1679 1453 de
1719 1379 2285 1477 Magistratibus
2332 1381 2629 1455 circiter
2677 1379 2833 1454 de·-

791 1511 1008 1586 cima.
1053 1512 1362 1612 Quippe
1385 1513 1547 1611 ejus
1576 1538 1736 1590 non
1938 1539 2019 1590 m
2129 1513 2311 1588 tima
2332 1513 2832 1608 interierunt,

788 1642 920 1719 sed
944 1670 1046 1720 ex
1069 1657 1383 1720 consuta
1402 1646 1623 1720 etiam
1648 1646 1767 1720 col
1874 1657 2044 1743 ataq
2162 1656 2375 1745 parte
2390 1656 2559 1746 post
2577 1644 2705 1722 fol.
2724 1647 2835 1724 44

785 1777 976 1855 folia
1020 1791 1322 1854 exsecta
1369 1779 1527 1856 duo
1581 1790 1782 1856 sunt.
1840 1780 2120 1856 Omnia
2176 1791 2430 1856 autem
2485 1803 2593 1856 cu
2642 1779 2837 1856 folia

787 1913 922 2004 illa
975 1911 1283 2014 madore
1331 1937 1418 1988 ac
1463 1919 1838 1990 vetustate
1880 1913 2111 2022 valde
2155 1925 2335 1988 sunt
2373 1912 2835 2014 depravata,

789 2073 1036 2146 usque
1063 2073 1196 2144 eo,
1245 2059 1335 2124 ut
1353 2049 1508 2147 jam
1535 2035 2276 2148 Villoiso‘scripserit
2297 2049 2831 2148 Prolegomen.

789 2179 886 2256 ad
939 2179 1156 2255 Iliad.
1216 2207 1379 2280 pag.
1429 2205 1627 2256 wa
1654 2237 1676 2278 ,
1734 2178 2093 2256 Codicem
2144 2205 2357 2255 mero
2410 2207 2682 2282 magna
2726 2207 2833 2259 ex

787 2325 1001 2413 parte
1037 2315 1144 2389 ita
1195 2326 1647 2412 corruptum
1695 2341 1888 2409 esse,
1948 2326 2037 2389 ut
2098 2315 2493 2392 literarum
2552 2317 2831 2394 ductus

785 2449 934 2522 vix
963 2447 1264 2546 agnosci
1315 2461 1641 2544 queant,
1698 2450 1933 2546 inque
1988 2449 2177 2524 cella
2228 2452 2527 2526 vinaria
2574 2451 2835 2550 potius

788 2605 970 2670 eum
1043 2599 1276 2679 quam
1344 2583 1430 2656 in
1488 2583 1967 2660 Bibliotheca
2020 2600 2491 2662 asservatum
2551 2585 2827 2662 videri.

787 2715 1274 2814 Quanquam,
1309 2718 1564 2818 ipsum
1616 2743 1893 2816 corpus
1942 2720 2241 2798 Codicis
2288 2722 2520 2821 paulo
2572 2724 2833 2816 ¹minus

787 2848 1150 2932 affectum
1205 2862 1337 2926 est.
1395 2853 1674 2930 Multo.
1696 2856 1934 2954 magis
1979 2881 2167 2932 vero
2208 2858 2561 2955 abjuncta
2594 2855 2781 2930 folia
2802 2909 2829 2950 ,

713 3008 716 3016 ·
790 2983 1034 3068 lacera
1059 2983 1192 3057 illa
1227 2984 1539 3082 quidem
1559 3043 1582 3080 ‚
1634 2998 1710 3061 et
1750 2990 2069 3078 cariosa,
2114 3001 2187 3064 et
2214 2991 2489 3088 partim
2522 2991 2827 3088 penitus

793 3113 1182 3214 desperata
1226 3140 1242 3189 ε
1298 3115 1382 3191 ut
1424 3100 1507 3192 in
1549 3119 1882 3220 legendis
1912 3121 2064 3196 illis
2097 3149 2256 3198 non
2289 3123 2547 3232 minor
2572 3121 2831 3198 hercle

791 3247 1011 3323 labor
1061 3275 1223 3325 esse
1261 3251 1619 3328 videatur
1674 3282 1907 3353 quam
1944 3257 2031 3329 in
2081 3255 2537 3330 evolvendis
2582 3257 2829 3332 inter-

791 3382 1327 3481 pretandisque
1343 3387 2047 3464 Herculanensibus
2072 3389 2629 3488 voluminibus,
2650 3415 2829 3488 quo-

793 3539 974 3616 rum
1038 3516 1332 3614 aliquot
1397 3517 1754 3618 Neapoli⁸
1788 3523 2119 3599 Parisios
2176 3524 2537 3600 translata
2595 3526 2829 3600 inter-

795 3645 982 3722 dum
1031 3650 1372 3748 inspexi,
1429 3663 1506 3726 et
1552 3657 1892 3732 tractavi.
1968 3658 2489 3751 Quamobrem
2508 3713 2531 3752 ‚
2582 3659 2833 3734 sicubi

795 3805 1011 3857 error
1033 3781 1306 3856 editori
1327 3783 1665 3881 objectus
1692 3800 1805 3862 est
1834 3789 1919 3864 in
1952 3802 2104 3866 tam
2130 3791 2361 3892 longo
2388 3793 2647 3868 labore
2668 3849 2689 3889 ,
2718 3806 2827 3868 est

797 3913 918 4010 ei,
973 3940 1136 3990 non
1169 3914 1340 3990 dico
1375 3917 1603 3996 venia
1631 3917 1873 3998 danda
1904 3949 2088 4000 :nec
2112 3927 2315 4002 enim
2338 3927 2509 4004 fieri
2532 3939 2825 4028 potest,
