3050 5017
428 466 985 529 nzlnnsmcm
1037 444 1433 523 nonnus
1481 468 1634 523 us.
1688 476 1814 524 111.
1980 476 2127 553 207

119 583 607 665 custodientes
630 616 769 690 per
796 589 1043 661 Asiam
1082 583 1511 658 inferiorem
1551 602 1761 661 metu
1793 588 2134 679 tyranni-

120 704 222 779 dis
237 707 690 808 dispergens.
716 702 905 777 Mihi
932 718 1183 776 autem
1206 756 1227 793 ‚
1256 728 1299 774 a
1321 705 1710 802 proposito
1727 702 2134 803 paululum

117 823 525 916 aberranti,
586 822 682 896 de
722 818 1415 907 nominessuminis
1457 822 1720 919 paucis
1767 819 2136 920 explicare

119 938 405 1029 videtur
458 966 476 1011 ε
534 963 747 1012 nunc
796 940 1003 1011 enim
1062 938 1339 1009 Istrum
1367 992 1390 1027 ,
1438 962 1651 1009 nunc
1690 936 2136 1009 Danubium

118 1056 427 1131 eundem
442 1048 903 1156 adpellatum
924 1055 1355 1128 invenimus
1371 1085 1385 1124 :
1400 1078 1636 1153 quare
1643 1054 2140 1155 explicatione

120 1195 299 1269 opus
327 1176 497 1246 erit.

208 1292 321 1360 32.
388 1296 451 1362 E
517 1289 845 1363 Rheticis
922 1288 1316 1363 montibus
1351 1345 1373 1382 ,
1461 1294 1491 1383 (
1520 1312 1714 1389 quos
1779 1305 2142 1363 montosae

120 1404 355 1479 Gauiae
398 1432 556 1481 esse
594 1412 701 1481 ait
745 1413 981 1483 Caesar
1018 1412 1099 1481 in
1139 1408 1337 1481 libro
1379 1409 1635 1506 primo
1667 1433 1816 1483 suae
1847 1408 1940 1481 de
1975 1408 2144 1481 Gal·-

123 1521 209 1594 lia
262 1524 767 1623 ephemeridis
786 1528 873 1621 ‚)
944 1552 1036 1599 ex
1098 1549 1259 1597 uno
1311 1523 1522 1599 fonte
1569 1541 1644 1598 et
1693 1524 2005 1599 Rhenus
2067 1539 2146 1596 et

122 1644 333 1733 Ister3
398 1658 669 1716 neuter
698 1646 877 1715 vero
924 1666 1082 1714 non
1122 1655 1417 1714 mutato
1464 1643 1778 1715 nomine
1818 1644 1900 1713 in
1939 1665 2148 1713 mare

123 1755 551 1835 devolvitur.
570 1764 757 1835 Nam
782 1759 1091 1833 Rhenus
1109 1782 1415 1832 omnem
1436 1757 1690 1831 Galliae
1709 1759 2148 1835 interiorem

126 1890 383 1949 terram
406 1932 431 1969 ,
464 1876 829 1950 trifariam
873 1876 1187 1949 divisam
1210 1932 1231 1968 ,
1267 1878 1351 1949 in
1400 1876 1753 1951 Celticam
1772 1932 1794 1969 ,
1845 1881 2150 1948 Germa-

127 1967 358 2063 nicam
389 2007 467 2064 et
492 1968 886 2084 Galiicam,
910 2018 1359 2093 percurrens
1379 2047 1400 2083 ,
1430 2017 1588 2064 non
1619 1994 1877 2091 irrigat
1897 1989 2152 2063 solum

126 2131 271 2179 eam
320 2132 501 2179 cum
546 2109 953 2200 Rhodan0‚
994 2110 1124 2183 sed
1162 2110 1490 2182 custodit
1519 2110 1781 2196 etiam,
1831 2108 2154 2179 inacces-

126 2250 261 2299 sam
278 2251 604 2301 servanS.
622 2228 735 2301 Ad
750 2226 983 2301 finem
1006 2244 1260 2303 autem
1280 2226 1433 2301 fere
1451 2251 1717 2301 cursus
1729 2281 1750 2317 ,
1767 2229 1848 2298 in
1865 2228 2152 2299 Mosam

130 2340 403 2417 flumen
423 2400 447 2435 ,
465 2346 805 2418 vicinum
837 2344 1123 2419 boreali
1162 2346 1644 2419 Occidentem
1668 2366 1926 2418 versus
1949 2366 2158 2415 ocea-

132 2482 263 2551 no,
300 2458 616 2533 illabens
640 2516 663 2551 ,
715 2463 979 2561 ponit,
1028 2462 1239 2561 quod
1292 2464 1515 2535 initio
1571 2462 1762 2559 gerit
1812 2482 2094 2531 nomen
2131 2511 2158 2547 ,
2263 2457 2279 2463 “

134 2598 449 2676 cumque
486 2576 619 2652 illo
666 2580 749 2650 in
790 2580 1203 2651 Britannici
1258 2580 1487 2651 maris
1535 2580 1751 2651 sinus
1777 2574 2158 2653 defertur.

138 2694 303 2765 Ister
334 2720 515 2769 vero
533 2752 554 2787 ‚
597 2694 901 2771 fratrem
954 2697 1049 2769 ad
1096 2697 1563 2772 occidentem
1615 2696 1846 2768 solem
1897 2716 2162 2793 passus

138 2813 500 2906 recedere,
554 2818 713 2914 ipse
764 2818 848 2889 in
883 2808 1271 2890 Orientem
1316 2814 1667 2888 flectitur.
1717 2816 1819 2885 Ae
1868 2818 2162 2893 Panno-

140 2928 329 3001 niam
352 2931 669 3029 quidem
696 2956 963 3029 usque,
991 2932 1261 3030 (quam
1286 2933 1519 3005 Graeci
1537 2986 1556 3019 ‚
1582 2930 1946 3003 suavioris
1965 2928 2162 3018 soni,

143 3058 209 3115 et
251 3044 695 3121 barbarismi
753 3046 1041 3122 vitandi
1102 3050 1347 3145 gratia·
1396 3071 1680 3119 nomen
1735 3058 2114 3117 mutantes
2139 3096 2166 3133 ,

145 3162 495 3237 Paeoniam
525 3166 776 3238 dixere
792 3164 851 3261 ,)
886 3177 962 3236 et
986 3164 1347 3235 Sirmium
1375 3216 1396 3252 ,
1432 3161 1614 3233 olim
1645 3167 2163 3234 Romanorum

150 3274 417 3355 felicem
464 3284 875 3372 civitatem,
908 3306 1121 3355 nunc
1158 3272 1425 3352 autem
1448 3277 1908 3378 Gepidarum
1929 3330 1950 3365 ‚
1993 3300 2168 3375 pro-

151 3397 391 3489 prium
452 3424 735 3473 nomen
792 3400 1105 3491 retinet3
1168 3400 1457 3471 circum
1533 3420 1714 3468 vero
1772 3390 2166 3467 Thraciam

152 3507 415 3607 fluens,
472 3519 743 3589 amisso
796 3516 1004 3616 apud
1067 3515 1457 3614 indigenas
1513 3514 1753 3613 priori
1812 3512 2167 3597 nomine,
2278 3589 2287 3596 ,

154 3628 535 3715 Danubius
557 3648 889 3709 vocatur.
914 3634 1033 3707 Sic
1057 3649 1310 3707 autem
1336 3658 1515 3707 eum
1543 3630 1858 3707 Thraces
1883 3628 2172 3723 dixere,

231 3886 313 3962 6)·
334 3887 511 3953 Addo
530 3892 612 3952 δὲ.

238 3986 321 4063 ῗὶ
346 3984 509 4070 Lego
531 3990 653 4050 ἑπεὶ
666 3986 797 4069 πρὸς
816 3987 888 4049 τὰ
913 3988 1163 4068 ἀρκτῷα..
