3050 5017
429 445 989 500 transmeat
1039 423 1442 498 nou-Anat.
1490 450 1650 500 mn.
1702 451 1837 502 111.
2021 424 2164 502 155

106 551 459 652 legiones
476 613 501 651 ,
549 574 825 659 praeter-
862 560 1287 660 equitatum
1336 563 1762 634 Romanum
1791 615 1812 652 ‚
1857 558 2168 636 auxilia-

113 672 341 751 rium
371 729 400 766 ,
450 674 919 754 cohortalem
943 729 965 766 ‚
1041 676 1443 754 tui-malem
1482 730 1504 767 ‚
1563 693 1990 777 ceterasque
2046 701 2173 748 co·

112 791 295 888 pias
318 846 341 882 ‚
391 819 531 868 nec
583 820 745 870 non
790 793 1383 894 mercenarios),
1442 797 1741 895 primus
1765 851 1788 886 ,
1843 810 1939 868 ut
1971 794 2169 885 dixi,

116 907 641 987 collocabatur
700 912 1292 1005 cornicularius;
1370 911 1696 1014 ideoque
1747 915 2171 988 etiamnum

120 1029 273 1100 toti
328 1027 585 1104 officio
617 1045 901 1130 praeest.
946 1028 1382 1104 meectum
1416 1033 1767 1129 praemrio
1808 1030 2004 1106 bella
2046 1030 2177 1105 ad-

122 1139 568 1222 ministrare
626 1146 914 1250 placuit
937 1201 959 1239 ,
1017 1145 1123 1222 ob
1174 1170 1365 1247 quas
1418 1146 2180 1232 commemoravimus

124 1261 491 1336 rationes.

228 1381 309 1466 [ι.
364 1382 563 1453 Cum
586 1382 821 1482 igitur
844 1385 1073 1456 ceteri
1093 1407 1359 1460 omnes
1380 1383 1764 1482 adjutores
1787 1384 1975 1472 sint,
1999 1405 2196 1481 prae-.

132 1490 382 1568 fectus
434 1499 787 1595 praetorio
847 1523 983 1574 sua
1029 1501 1594 1601 subscriptione
1655 1499 1756 1574 ad
1829 1499 2184 1578 militiam

133 1611 564 1705 accedenti,
622 1616 703 1688 in
761 1639 921 1715 quo
974 1619 1127 1712 ipse
1174 1616 1358 1692 velit
1413 1616 1750 1715 catalogo
1800 1615 2188 1704 collocari,

136 1734 536 1830 permittit.
582 1737 907 1810 Nomina
944 1753 1203 1811 autem
1240 1739 1593 1810 omnium
1640 1734 1877 1810 officii
1919 1733 2186 1809 catalo-

138 1875 416 1950 gorum
454 1853 611 1928 haec
646 1883 665 1928 :
708 1856 1261 1932 cornicularius
1280 1912 1302 1949 ‚
1336 1859 1475 1958 qui
1510 1859 1812 1957 primus
1854 1855 2190 1944 comitis,

142 1984 230 2041 ut
271 1987 594 2065 vocant,
642 1973 1043 2074 splendore
1092 1978 1379 2049 eminet
1399 2029 1421 2067 ,
1478 1975 1810 2047 necdum
1878 1971 2193 2072 cingulo

144 2085 545 2180 liberatuS,
564 2115 815 2190 neque
842 2090 1153 2164 solitum
1180 2090 1277 2166 ab
1304 2093 1756 2189 imperatore
1785 2088 2193 2181 honorem,

146 2219 218 2276 et
258 2205 651 2280 codicillos
688 2231 885 2307 quos
916 2221 1190 2282 vocant
1218 2206 1343 2305 (id
1376 2221 1527 2296 est,
1566 2209 1888 2299 δέλτους),
1934 2229 2190 2279 conse-

123 2339 417 2399 «cutusi
453 2349 607 2426 qua
641 2328 1123 2425 praerogativa
1153 2351 1383 2402 nemo
1420 2327 1503 2398 in
1540 2325 1706 2400 aliis
1742 2313 2193 2398 exercitibus
2319 2321 2326 2328 ’

152 2443 506 2543 princeps
552 2443 827 2542 gaudet
878 2475 895 2513 ε
942 2458 1117 2542 post
1164 2441 1758 2516 cornicularium
1804 2465 1986 2514 vero
2037 2439 2192 2539 pri-

152 2560 523 2632 miscrinii
558 2559 753 2653 duc,
787 2585 981 2660 quos
1020 2562 1256 2634 Graeci
1308 2561 1598 2659 primos
1641 2555 1876 2631 officii
1941 2553 2194 2655 adpel-

160 2670 319 2750 Iant
348 2705 366 2749 ε
400 2679 1111 2752 commentarienses
1141 2677 1301 2753 duo
1345 2679 1491 2770 (ita
1520 2689 1771 2748 autem
1801 2673 2051 2746 vocari
2083 2697 2199 2743 so-

160 2783 363 2886 lent,
435 2797 577 2894 qui
624 2794 1219 2895 hypomnemata
1262 2791 1666 2882 scribunt)
1711 2819 1728 2863 :
1775 2790 2198 2889 regendarii

161 2908 315 2982 duo
339 2963 361 3002 ‚
402 2913 541 3011 qui
572 2935 881 2984 cursum
910 2911 1314 3011 publicum
1342 2923 1623 3010 regunt
1652 2936 1668 2980 :
1701 2931 1898 2982 curae
1927 2907 2200 3007 episto-

163 3027 407 3102 larum
469 3033 793 3104 Pontioee
842 3030 1251 3131 provinciae
1304 3030 1483 3102 duo,
2059 3021 2064 3025 ’

263 3145 331 3220 5.
349 3149 447 3222 At
462 3146 767 3224 fortasse
781 3147 1059 3249 aliquis
1072 3147 1275 3220 haud
1286 3146 1572 3246 absque
1589 3148 1880 3219 ratione
1895 3147 2204 3216 interro-
2221 3233 2228 3241 ι

164 3283 320 3367 get,
345 3292 642 3346 causam
664 3271 1063 3370 inquirens
1078 3323 1099 3360 ,
1115 3291 1383 3367 quare,
1400 3291 1579 3339 cum
1599 3289 1864 3339 omnes
1880 3262 2204 3335 admini-
2241 3265 2258 3279 ³

170 3389 562 3463 strationes
576 3386 927 3478 habeant,
937 3387 1075 3486 qui
1098 3410 1293 3458 curae
1312 3382 1802 3485 epistolarum
1813 3392 2207 3468 vocantur,
2335 3477 2342 3482 Ι

168 3504 382 3579 urbis
408 3559 431 3597 ,
480 3531 867 3578 armorum
906 3528 1381 3604 operumque
1412 3503 1690 3576 scrinia
1726 3501 1818 3572 iis
1853 3495 2210 3572 careant?

170 3620 531 3694 Videlicet
554 3621 769 3694 urbis
799 3623 1166 3695 scrinium
1192 3619 1287 3692 ad
1315 3617 1704 3692 Thraciam
1736 3613 2209 3687 administra-

174 3743 457 3828 tionem
488 3739 841 3834 refertum
866 3766 1187 3842 operum
1232 3765 1411 3815 vero
1452 3739 1549 3812 ad
1582 3737 1762 3809 alias
1805 3733 2001 3807 forte
2034 3756 2210 3832 pro·

176 3862 488 3954 vincias,
516 3863 597 3934 in
630 3863 845 3961 queis
869 3886 1189 3961 operum
1220 3859 1798 3935 restaurationes
1830 3852 1997 3926 fieri
2034 3875 2212 3931 con·-

182 3981 401 4080 tingit
443 4007 459 4051 :
500 4005 667 4081 quae
701 3981 1067 4088 quoniam
1116 4004 1277 4054 non
1315 3973 1732 4058 admodum
1775 3970 2094 4062 crebrae,
2118 3965 2226 4054 ah
