3050 5017
310 476 887 541 kmrunmcm
936 486 1341 535 nomam
1390 488 1565 563 1212„
1603 456 1730 539 in.
1927 454 2069 567 139

65 622 133 671 ιι·
168 602 621 712 mancipes»,
660 600 799 698 qui
844 595 1228 696 plebejum
1272 618 1358 668 ac
1404 596 1747 671 servilem
1793 622 2076 698 panem

64 712 487 808 onficiunt3
521 715 667 789 sub
700 713 987 813 quibus
1015 715 1365 814 pistores,
1392 728 1469 786 et
1504 716 1643 813 qui
1679 716 2079 789 communi

64 835 337 921 ‚omine
408 832 725 932 collegia
793 830 1281 905 rationalium
1348 828 1832 930 &pellantur
1857 885 1882 921 ‚
1938 830 2082 929 qui

64 950 395 1025 mnibus
454 974 951 1049 quocumque
990 947 1221 1021 modo
1270 949 1475 1021 victu
1529 947 1844 1048 publico
1903 972 2080 1047 gau-

64 1065 387 1139 entibus
429 1088 742 1165 operam
796 1064 1000 1136 dant.
1050 1068 1143 1135 Et
1184 1065 1504 1137 Romani
1551 1064 1862 1163 quidem
1915 1064 2088 1138 illos

64 1181 437 1255 ationales
512 1196 787 1255 vocant
812 1235 834 1272 ,
901 1182 1083 1279 quia
1144 1181 1752 1279 computationes
1815 1163 2086 1255 eorum

64 1322 373 1372 sermone
424 1300 761 1372 rationes
800 1296 1171 1370 dicuntur
1202 1328 1224 1387 3
1266 1298 1501 1369 Graeci
1539 1288 1753 1387 itero,
1789 1312 2089 1371 mutato

64 1416 341 1488 iomine
372 1470 397 1507 ,
458 1412 869 1488 catholicos
901 1413 1153 1486 dixere
1186 1466 1207 1502 ,
1256 1412 1467 1512 quod
1509 1414 1595 1485 in
1644 1416 2090 1487 universum

64 1530 359 1629 publicis
428 1530 863 1605 rationibus
920 1544 1205 1604 vacant.
1278 1536 1728 1628 Sequuntur
1779 1532 2041 1603 sitonae
2067 1574 2090 1620 ,

64 1672 219 1746 {uos
238 1651 519 1743 Victor
541 1647 979 1735 historicus,
1024 1646 1107 1717 in
1141 1644 1457 1721 historia
1493 1651 1898 1739 Caesarum,
1934 1645 2090 1718 fru·
2205 1668 2212 1681 ·

64 1767 453 1839 menarios
512 1764 699 1837 olim
754 1762 1163 1863 adpellatos
1212 1788 1367 1837 esse
1414 1767 1669 1858 novit3
1721 1767 2092 1866 quoniam

64 1881 293 1980 palatii
338 1906 675 1958 annonae
709 1880 893 1955 olim
945 1897 1333 1981 proeerant.
1372 1881 1638 1956 Rufini
1673 1900 1928 1957 autem
1981 1899 2096 1977 ty-

66 1998 359 2071 rannide
410 2016 611 2073 tune
642 2000 1099 2097 praecipitata
1134 1995 1574 2097 praefectura
1607 2002 1975 2099 praetorii,
2022 2012 2102 2073 et

74 2116 193 2213 ipsi
222 2120 544 2217 periere.
580 2118 943 2189 Postremi
980 2116 1375 2206 omnium,
1420 2118 1560 2216 qui
1603 2116 1789 2189 oli'm
1827 2118 2102 2217 primi,

76 2235 335 2333 quippe
360 2234 513 2333 qui
551 2234 887 2330 magistri
920 2233 1271 2330 equitum
1310 2233 1824 2305 ministerium
1852 2235 2104 2333 3initio

81 2350 607 2449 compleverint
623 2402 645 2437 ,
667 2348 1059 2421 ducenarii
1080 2402 1101 2439 ‚
1121 2346 1412 2421 biarehi
1430 2404 1451 2441 ‚
1470 2351 1922 2439 centenarii,
1947 2352 2105 2425 sive

86 2470 547 2541 centuriones
590 2495 613 2557 3
681 2490 1016 2564 quorum
1066 2468 1419 2539 omnium
1472 2472 1724 2541 Gioeca
1788 2470 2110 2542 nomina

80 2604 283 2683 supra
324 2582 765 2659 retulimus.
824 2581 1177 2655 Militasse
1219 2606 1399 2655 vero
1458 2602 1586 2657 eos
1634 2586 1719 2655 in
1772 2586 2112 2683 magistri

93 2703 413 2795 equitum
458 2692 761 2790 offici0‚
810 2713 1149 2799 arguunt
1196 2725 1365 2798 quae
1416 2724 1647 2797 super
1685 2701 1776 2791 iis
1809 2723 1900 2773 ex
1939 2700 2116 2774 aula

96 2815 571 2911 proferuntur
595 2804 677 2889 in
704 2815 1107 2907 codicilliS,
1145 2817 1228 2889 in
1254 2814 1542 2915 quibus
1561 2814 1658 2889 de
1690 2815 2120 2891 honoribus

104 2933 574 3029 quibusdam,
616 2958 866 3031 neque
895 2933 989 3005 de
1028 2936 1209 3031 ipsis
1238 2935 1509 3031 agitur.
1568 2914 1578 2929 ⁰

196 3049 257 3119 8.
306 3050 515 3124 Tales
546 3064 811 3149 totque
838 3061 1085 3147 partes
1110 3048 1621 3147 catalogorum
1654 3048 1909 3123 offleii.
1937 3052 2126 3125 Nam

118 3176 423 3240 cursores
460 3166 589 3266 (id
620 3182 765 3258 est,
790 3166 1195 3263 ταχυδρόμοι)
1246 3163 1483 3236 finem
1516 3165 1805 3237 militiae
1835 3168 1918 3236 in
1955 3166 2134 3238 aula

120 3286 481 3379 reperiunt
502 3314 519 3357 :
538 3280 991 3384 adplicitarii
1002 3306 1178 3354 vero
1192 3292 1268 3353 et
1288 3280 1776 3371 clavicularii,
1797 3274 2134 3381 quorum

122 3396 220 3469 illi
236 3400 521 3476 lictores
545 3416 845 3475 tantum
862 3424 1027 3473 reos
1042 3396 1485 3472 vinciendos
1498 3421 1662 3470 com
1670 3398 2139 3497 prehenden-

127 3526 249 3605 tes‚
276 3517 355 3590 hi
394 3536 655 3593 autem
684 3518 991 3591 vincula
1025 3516 1291 3589 iisdem
1322 3514 1876 3589 circumdantes
1909 3518 2136 3617 signi·

132 3626 365 3726 fleant,
382 3661 796 3711 munerum
815 3682 837 3727 ‚
868 3658 1035 3733 quae
1054 3652 1319 3707 eorum
1344 3634 1658 3706 nomine
1678 3633 2142 3727 indicantur,

204 3822 267 3901 5)
300 3826 939 3911 ὄιν-προαποδεδὼκαμιΰ.
966 3826 1211 3889 Scilicet
1230 3826 1303 3887 in
1322 3826 1431 3900 iis,
1468 3844 1606 3905 quae
1635 3825 1958 3888 deidei-ari
1988 3826 2146 3889 dixi.

140 3936 231 3979 mu
453 3969 471 3986 ,
938 3968 942 3973 .

211 3942 301 4093 ἐξ
312 3929 473 4107 ,13380
496 4030 553 4085 ἐν
576 4025 913 4093 Meamne.
997 4024 1067 4104 7)
1108 4020 1275 4103 Lego
1310 4022 1666 4099 λειτουργιῶν.
