3050 5017
519 137 557 197 J

505 437 1071 534 annuntient
1118 451 1528 504 nomnen
1575 453 1732 505 nn·
1783 455 1834 508 ι.
2091 435 2190 542 73

254 561 378 656 ἦα.
428 567 759 639 Fortuna
794 578 1047 636 autem
1080 562 1481 638 extollente
1524 590 1685 639 rem
1731 571 2144 646 Romanam
2166 626 2191 665 ,

160 693 458 774 secuta,
506 697 597 758 ut
638 679 805 754 fieri
848 694 1094 772 amat,
1142 681 1323 754 vitia
1377 697 1608 773 sunt,
1661 709 1746 757 ac
1781 691 2196 785 praesertim

159 791 505 875 luxuria.
554 813 644 874 ut
663 812 930 904 praeter
957 795 1356 870 duodecim
1382 798 1701 873 Tabulas
1732 801 1972 903 legem
2009 829 2198 904 quo·

161 944 307 1020 que
334 918 431 992 de
466 916 810 1005 luxuria,
853 938 895 986 a
924 913 1337 986 Corinthiis
1363 913 1550 986 olim
1578 914 1801 989 latam
1826 923 2200 1021 ,scripse-

165 1039 318 1112 rint
365 1035 711 1108 Romani.
764 1031 1000 1148 Cujus
1054 1029 1239 1130 legis
1284 1030 1556 1105 titulus
1600 1035 1754 1108 sive
1806 1037 2204 1139 inscriptio

164 1169 271 1228 est
306 1157 405 1228 de
437 1150 926 1250 Nepotibus:
968 1133 1073 1218 ita
1100 1145 1381 1220 scilicet
1412 1151 1736 1225 Romani
1776 1150 2209 1244 luxuriosos

165 1259 591 1372 adpellant3
617 1278 929 1363 nepotes
945 1265 1151 1336 enim
1172 1280 1249 1337 et
1265 1269 1543 1363 ἐγγόνους
1573 1282 1650 1339 et
1669 1277 1940 1354 ἀσώτους
1960 1271 2208 1370 (luxu-

167 1387 448 1485 riosos)
486 1385 767 1494 pariter
802 1398 1093 1456 vocant.
1128 1382 1359 1456 Nobis
1392 1383 1903 1462 differentiam
1939 1392 2208 1491 paucis

170 1507 538 1608 explicare
559 1503 807 1576 visum
837 1515 968 1573 est.
994 1504 1239 1600 Nepos
1270 1507 1303 1572 ὁ
1332 1511 1570 1599 ἔγγονος
1599 1529 1640 1576 a
1670 1529 1905 1602 graeco
1951 1523 2214 1600 etymo

170 1609 454 1699 dicitur
478 1621 695 1720 quasi
719 1625 845 1698 νέος
879 1627 1015 1698 παῖς
1062 1617 1409 1715 (juvenis
1431 1617 1712 1719 puer);
1771 1623 1980 1722 quod
2013 1639 2218 1698 recte

168 1743 363 1816 dixit
386 1737 863 1813 Philoxenus.
893 1737 1137 1840 Nepos
1170 1758 1347 1808 vero
1376 1751 1453 1810 et
1486 1735 1924 1814 luxuriosus
1942 1796 1962 1832 ‚
2001 1743 2220 1843 isque

172 1863 463 1962 tropice
503 1856 785 1929 dicitur
832 1853 862 1951 (
890 1849 1191 1927 videtur
1232 1855 1441 1926 enim
1500 1853 1586 1928 in
1642 1857 2222 1957 investigatione

173 1979 447 2052 Graecis
464 1968 1081 2059 assentiendum->3
1101 1973 1469 2068 quoniam
1486 1975 1878 2071 scorpium
1897 1978 2226 2062 Romani

168 2095 424 2198 patrio
453 2111 797 2164 sermone
822 2106 1135 2186 nepam,
1174 2085 1253 2158 id
1276 2100 1384 2160 est
1404 2143 1425 2179 ,
1449 2086 1776 2186 pedibus
1799 2106 2180 2164 carentem
2201 2146 2224 2183 ,

172 2203 459 2343 syllaba
486 2204 849 2308 privativa
876 2203 1025 2300 (ne
1058 2204 1264 2274 enim
1300 2205 1676 2303 privativo
1707 2219 2043 2281 utuntur
2076 2210 2228 2281 Ro-

176 2329 430 2420 mani,
452 2317 1099 2424 quemadmodum
1125 2321 1401 2391 Graeci
1383 2345 1465 2392 ιιι
1496 2325 1783 2413 νήλυπος,
1817 2328 2231 2406 νήλυτοςνη-
2076 2379 2099 2414 ,

172 2475 363 2544 χυτος
378 2500 401 2534 ,
424 2455 699 2542 νήγρετος
719 2495 741 2528 ,
781 2439 1034 2550 νήᾷυμος
1054 2437 1083 2534 )
1104 2443 1377 2509 vocant
1394 2492 1415 2528 ,
1434 2462 1528 2509 ex
1554 2461 1646 2510 eo
1665 2490 1688 2528 ‚
1715 2439 1928 2537 quod
1951 2426 2231 2522 natura

176 2564 369 2637 huic
403 2558 777 2633 animanti
812 2553 1103 2626 accidit.
1132 2559 1234 2626 Ut
1264 2555 1473 2626 enim
1519 2554 1789 2638 lacerta
1835 2571 2234 2657 ceteraque

176 2678 523 2782 reptilia,
564 2677 673 2748 sic
708 2661 787 2745 et
813 2674 970 2772 ipse
1002 2673 1343 2770 scorpius
1378 2670 1630 2746 hieme
1666 2671 1810 2746 sub
1847 2687 2045 2746 terra
2083 2689 2232 2745 tor·-

177 2824 375 2904 pens
388 2799 585 2895 jacet
602 2846 624 2884 ,
649 2789 764 2866 nil
782 2804 1047 2889 praeter
1062 2800 1226 2872 eam
1253 2787 1501 2862 edens.
1522 2789 1672 2891 Ubi
1691 2791 1926 2890 igitur
1942 2793 2234 2866 circum

178 2945 262 2992 se
282 2937 591 2991 omnem
604 2907 1071 2982 esculentam
1087 2905 1230 2978 sibi
1248 2921 1522 2982 terram
1539 2909 1982 3008 consumsit,
2002 2911 2241 2986 cirros

176 3059 366 3110 suos
400 3026 833 3130 aggreditur
856 3079 877 3116 ,
930 3046 1346 3121 omnesque
1394 3017 1560 3096 sine
1610 3047 1838 3100 sensu
1877 3025 2234 3124 depascit.

174 3157 379 3232 ,Vere
416 3161 669 3219 autem
707 3164 887 3214 cum
918 3140 1181 3211 ceteris
1209 3152 1496 3210 naturae
1530 3135 1690 3238 lege
1725 3142 1806 3210 in
1841 3131 2090 3234 lucem
2121 3167 2236 3214 re·

176 3281 503 3354 vocatus
524 3249 797 3362 „pedes
814 3247 1081 3354 recipit
1102 3281 1122 3345 ;
1155 3271 1744 3354 progressusque
1762 3254 1858 3328 ad
1881 3257 2238 3330 calamin-
2341 3253 2348 3260 ’

176 3391 403 3466 tham
430 3378 811 3484 plantam,
834 3373 993 3448 solo
1012 3387 1213 3448 tactu
1236 3394 1402 3444 acre
1428 3373 1592 3468 ejus
1615 3372 1881 3465 trahit,
1921 3373 2240 3448 adstrin-

94 3573 101 3578 .
178 3511 583 3609 glturque,
598 3489 1239 3598 quemadmodum
1262 3515 1570 3589 serpens
1585 3491 2006 3564 marathro:
2032 3492 2245 3566 unde

180 3625 429 3698 etiam
450 3629 801 3715 nepetam
821 3609 1141 3683 Romani
1162 3605 1696 3679 calamintham
1717 3608 2007 3679 dicunt.
2034 3614 2246 3682 Scor-

180 3742 369 3841 pios
387 3737 645 3833 itaque
664 3730 776 3802 illi
804 3727 1231 3800 luxuriosos
1245 3738 1558 3814 vocant,
1594 3739 1684 3796 ut
1705 3738 1881 3822 pote
1901 3723 2243 3800 membra

180 3883 331 3933 sua
354 3861 905 3928 consumentes.
928 3841 1127 3916 Talia
1148 3841 1483 3942 quaedam
1512 3895 1533 3930 ,
1561 3865 1602 3910 a
1626 3842 2014 3940 proposito
2032 3842 2242 3917 aber·-

182 3987 455 4054 tantes
476 4024 501 4063 ,
518 3951 628 4040 =de
657 3964 779 4040 his
806 3961 1121 4036 dicenda
1157 3958 1640 4036 habebamus.

1845 4097 1936 4152 10
