3050 5017
450 468 1009 520 nmrunmcu:
1062 466 1469 517 nomana
1518 468 1676 517 mn.
1727 470 1848 517 111.
2031 444 2170 520 165

130 594 209 653 et
262 579 955 679 primiscriniorum
1017 579 1299 653 scrinio
1346 600 1475 651 sex
1518 576 1902 674 adjutore·
1942 576 2177 677 adpa-

130 716 351 793 rent3
412 698 1033 800 quandoquidem
1052 748 1075 789 ,
1118 714 1209 772 ut
1246 722 1477 798 snpra
1510 698 2018 790 ostendimus,
2049 697 2180 797 ‚bi-

128 842 279 891 nos
324 818 741 917 quotannis
788 818 1129 891 notarios
1168 815 1291 889 lex
1355 815 1668 917 cingulo
1707 814 1999 891 liberat.
2069 822 2176 891 Ac

128 938 315 1037 quis
378 956 539 1009 non
562 990 585 1027 ,
643 935 1081 1033 adjutorum
1154 934 1734 1016 multitudinem
1810 936 2124 1011 intuens
2154 989 2176 1026 ,

126 1056 619 1158 splendorem
663 1056 937 1153 judicii
956 1108 979 1146 ,
1032 1070 1449 1156 rerumque
1492 1054 1954 1156 agendarum
2007 1052 2180 1127 infi-

130 1176 379 1248 nitam
420 1173 607 1247 olim
664 1176 748 1246 in
792 1198 892 1247 eo
936 1175 1235 1275 copiam
1276 1170 1505 1247 finisse
1539 1168 1964 1278 intelligat?
2001 1194 2182 1247 eun

130 1320 353 1368 nunc
376 1293 605 1367 nullm
638 1295 795 1367 sint
824 1292 1119 1367 civibus
1154 1292 1361 1384 lites,
1394 1292 1820 1394 (quidquid
1854 1314 2181 1393 usqum

132 1413 487 1511 egregii..·.
536 1410 629 1483 ad
665 1412 1135 1511 principium
1178 1410 1684 1509 confluente,)
1733 1426 1880 1483 et...
1925 1425 2182 1483 tamen

134 1552 285 1628 pro
312 1552 453 1600 suo
476 1526 794 1600 arbitrio
818 1524 1067 1628 (bona
1108 1528 1329 1601 venia
1362 1524 1722 1618 dixerim3
1761 1538 1950 1599 sum
1972 1528 2182 1599 enim

136 1648 535 1721 literarum
561 1647 945 1747 amantes)
968 1648 1063 1723 ad
1088 1648 1273 1721 alios
1294 1664 1694 1749 gratosque
1711 1644 2186 1747 litigantibus

134 1764 435 1863 judices
482 1790 623 1863 per
672 1790 912 1839 sacras
954 1766 1331 1864 jussiones
1350 1820 1373 1855 ‚
1423 1780 1518 1839 ut
1567 1780 1876 1856 vocant,
1929 1784 2188 1839 muns

141 1880 503 1955 deferant.
2019 1975 2028 1983 .

254 2022 370 2070 ιο.
418 2000 801 2089 Quoniam
838 2022 1017 2071 vero
1060 2024 1221 2072 non
1271 2021 1506 2101 parvo
1553 1998 1807 2090 lucro,
1860 1982 2044 2072 olim
2100 1999 2184 2071 in

146 2139 329 2215 pace
356 2169 381 2206 ,
422 2130 655 2215 atque
704 2118 1301 2192 eminentissimo
1348 2117 1638 2191 honore
1688 2142 1958 2215 magna
2006 2139 2185 2189 cum

142 2250 513 2336 potestate
539 2236 1069 2337 praedictorum
1104 2240 1560 2311 scriniorum
1597 2238 1974 2337 adjutores
2011 2260 2188 2335 gau-

148 2352 485 2443 debant3
542 2376 836 2428 necesse
892 2365 1048 2429 erat
1099 2354 1423 2455 repletos
1472 2354 1864 2457 dedignari
1911 2356 2188 2429 iterum

148 2470 245 2543 ad
312 2464 746 2544 codicillum
815 2470 1444 2573 moderatumque
1520 2468 1822 2573 lucrum
1901 2470 2192 2546 reverti·

148 2586 341 2661 Inde
394 2604 661 2689 rogatu
717 2588 1023 2665 illorum
1086 2587 1205 2663 lex
1256 2590 1353 2663 ab
1406 2588 1724 2664 Arcadio
1777 2586 1960 2679 lata,
2029 2610 2192 2659 san-

153 2708 421 2797 ciens,
486 2721 577 2779 ut
618 2704 996 2807 peculiare
1031 2732 1115 2779 ac
1166 2732 1477 2809 prorsus
1512 2722 1936 2809 separatum
1980 2702 2198 2779 colle-

152 2824 371 2923 gium
425 2822 734 2923 triginta
778 2846 1104 2898 numero
1148 2827 1489 2901 virorum
1511 2880 1533 2909 ,
1585 2824 1722 2925 qui
1769 2822 1924 2921 jam
1980 2835 2202 2893 antea

160 2940 365 3011 inter
402 2938 781 3037 adjutores
815 2942 1351 3032 eminuissent,
1387 2936 1826 3044 praefectura
1863 2936 2199 3039 ministe-

160 3056 367 3129 rium
403 3054 551 3129 sibi
584 3056 1095 3131 constitueret.
1150 3055 1409 3159 Neque
1460 3058 1668 3131 enim
1717 3072 1882 3130 tum
1902 3110 1923 3148 ,
1969 3053 2202 3153 impe-

158 3172 542 3247 ratoribus
596 3199 753 3247 una
803 3198 981 3246 cum
1043 3188 1309 3247 senatu
1363 3195 1619 3248 causas
1676 3170 2165 3247 audientibus
2186 3221 2209 3258 ‚

163 3290 426 3365 omnia
479 3290 1105 3391 praestantissimis
1157 3286 1371 3367 facile
1424 3288 1936 3364 ministerium
1981 3284 2130 3359 fuit
2185 3312 2203 3358 z

164 3407 354 3485 adeo
386 3426 475 3484 ut
501 3434 591 3485 ex
622 3408 803 3511 ipsis
828 3410 1373 3487 maturioribus
1385 3432 1730 3512 ,usuque
1750 3434 1834 3484 ac
1871 3423 2210 3511 tempore

167 3526 739 3665 praestantibus,
776 3530 1215 3635 quindecim
1253 3532 1838 3635 imperatoribus
1875 3545 2214 3631 excepto-

170 3672 289 3724 res
312 3646 589 3725 selecti
591 3646 785 3743 sint,
812 3672 1006 3751 quos
1030 3652 1453 3725 etiamnum
1486 3647 1883 3753 deputatos
1907 3660 2215 3739 vocant,

253 3830 333 3914 4)
372 3832 570 3891 Post·
538 3836 711 3913 αρχὴν
748 3830 955 3911 plures
985 3832 1177 3893 litem
1213 3832 1509 3893 extinctae.

256 3927 331 4001 5)
366 3925 519 3987 Cod-
566 3928 793 3997 ὶδιάζων.

256 4026 333 4101 6)
374 4024 521 4087 Cod-
570 4031 698 4095 τοὺς
724 4030 925 4095 πάντας
952 4030 1187 4109 &pig-ouc-
