3050 5017
440 460 997 515 nmrunmcu:
1041 458 1443 507 nonnis:
1490 460 1644 509 ιη.
1693 462 1824 509 111.
2009 436 2140 511 181

236 598 263 645 1
276 574 343 646 8.
400 577 645 673 Atque
666 574 821 646 haec
842 571 1151 672 quidem
1166 584 1245 643 et
1268 570 1637 645 divinitus
1653 586 1728 647 et
1745 572 2152 648 hominum

141 689 347 789 culpa
404 694 803 781 interim-«³3
856 693 1145 791 quippe
1196 716 1409 763 nunc
1466 716 1775 790 prorsus
1825 691 2159 791 neglecta

135 807 387 903 jacent.
414 812 569 881 Nec
600 811 859 881 minus
884 807 1386 909 multiplicem
1426 810 1690 883 scrinii
1741 811 2158 913 potentiam

142 924 441 999 ornabat
486 940 1095 1005 commentorum
1120 978 1141 1015 ,
1184 938 1275 999 ut
1313 941 1628 1017 vocant,
1667 928 1984 1027 insignis
2027 950 2161 1027 po·

143 1056 363 1115 testas.
402 1045 741 1143 Cupiens
770 1044 979 1115 enim
1014 1040 1403 1143 praefectus
1438 1046 1786 1143 praetorio
1809 1098 1830 1133 ‚
1871 1045 2026 1115 sive
2065 1040 2164 1113 ab

146 1162 581 1259 imperatore
606 1164 1125 1235 auctoritatem
1164 1160 1485 1251 habens,
1516 1165 1674 1235 sive
1711 1164 1868 1262 ipse
1907 1186 2168 1235 secun·

146 1276 313 1349 dum
348 1278 1085 1379 legem'commotus,
1124 1280 1644 1377 magistratum
1675 1278 2166 1377 qualemcum-

150 1420 285 1491 que
302 1450 321 1485 ,
348 1410 485 1469 aut
508 1394 1023 1492 subjectorum
1048 1394 1433 1494 quendam
1470 1394 1616 1493 legi
1649 1396 1938 1485 sistere,
1963 1398 2166 1467 com·

150 1514 715 1585 mentariensem
746 1512 1065 1585 scribam
1096 1526 1377 1585 secreto
1400 1512 1772 1603 sumebat,
1791 1514 2016 1610 eique
2045 1534 2170 1589 ue·

152 1632 424 1725 gotium
460 1628 961 1729 permittebat.
988 1632 1127 1702 Hic
1150 1646 1400 1703 autem
1420 1686 1443 1721 ‚
1472 1630 1692 1703 illum
1730 1630 2010 1719 latens,
2045 1627 2170 1702 ad-

153 1761 389 1818 sumto
426 1745 863 1821 fidelissimo
898 1748 1129 1819 simul
1176 1764 1251 1820 et
1296 1749 1620 1820 maxime
1665 1748 2036 1821 honorato
2078 1745 2172 1818 de

154 1864 289 1933 suis
320 1863 831 1955 chartulariis,
862 1863 1099 1937 latino
1132 1890 1475 1938 sermone
1518 1890 1736 1965 grave
1775 1864 2175 1957 synthema

152 1978 459 2053 dictabat
477 2035 498 2070 ‚
526 2006 775 2053 coram
806 1982 1357 2080 adparitoribus
1386 1983 1821 2055 fidelissimo
1851 1982 2082 2054 simul
2099 1994 2176 2053 et

156 2100 506 2170 eminenti
546 2100 1019 2190 mandans,..
1044 2154 1059 2172 .
1092 2116 1181 2173 ut
1209 2102 1716 2200 indignationi
1753 2101 2172 2179 obnoxium

157 2214 234 2286 ad
263 2215 599 2289 tribunal
624 2216 1045 2292 adduceret.
1080 2218 1303 2307 Quod
1328 2219 1391 2290 si
1422 2233 1672 2289 autem
1706 2218 2178 2319 imperatoris

160 2328 589 2431 benignitaS,
610 2350 683 2407 et
700 2336 1081 2432 quietiam
1103 2348 1260 2405 erat
1289 2335 1862 2432 magistratuum
1893 2334 1975 2403 in
2003 2328 2176 2403 sub·

161 2446 371 2541 jectos
400 2474 619 2523 amor
639 2504 660 2539 ,
697 2448 1087 2523 damnatos
1115 2452 1334 2531 venia
1384 2432 1856 2548 dignassent‘,
1883 2472 2180 2527 necesse

166 2578 339 2654 erat,
373 2564 778 2639 liberatum
804 2592 882 2639 re
907 2568 1065 2667 ipsa
1093 2566 1636 2647 mediatoribus
1668 2566 1980 2665 gratiam
2019 2563 2178 2667 pol-

167 2676 422 2754 liceri...

264 2823 367 2897 19.
404 2803 727 2873 Iunctus
742 2826 1053 2899 quoque
1072 2814 1682 2883 commentorum
1705 2798 1984 2875 scrinio
2001 2850 2021 2885 ‚
2045 2794 2184 2895 qui

172 2898 973 3013 instrumentariusssid
1009 2933 1156 3008 est,
1192 2902 1880 2999 'instrumentorum
1913 2910 2184 3017 judicii

173 3033 441 3129 custos)
483 3013 879 3128 dicebatur
904 3086 924 3121 ,
962 3033 1179 3129 cujus
1212 3058 1501 3115 munus
1532 3048 1689 3108 erat
1723 3027 2185 3106 subscribere

172 3160 236 3217 et
282 3136 656 3251 complere
712 3151 1135 3237 sententias.
1186 3154 1276 3229 Et
1308 3150 1548 3224 -locus
1605 3148 1914 3249 quidem
1975 3149 2044 3220 ei
2101 3146 2182 3217 in

254 3412 351 3483 ιο)
391 3408 664 3469 Videtur
695 3408 880 3470 fuisso
903 3412 1084 3469 λαθὼν
1108 3417 1329 3469 ‘cebron-¹
1417 3424 1431 3434 ·
1579 3486 1582 3489 ἢ

256 3526 275 3562 1
293 3506 349 3579 ι)
388 3506 651 3565 Videtur
682 3504 866 3565 fuisse
892 3511 983 3565 καὶ
1014 3509 1216 3586 peilam
1250 3511 1542 3585 τετιμένον.

259 3602 357 3674 12)
394 3600 560 3682 Lego
585 3605 856 3681 σύνθημα.
876 3590 901 3611 '

261 3696 358 3771 13)
395 3696 561 3778 Lego
590 3701 705 3757 κατ’
730 3696 869 3758 ὦπα.
1777 3766 1789 3781 0

260 3812 279 3847 1
295 3792 357 3865 4)
390 3804 595 3859 ποηνῶν
621 3814 751 3853 non
775 3790 1063 3873 intelligo.
1090 3794 1273 3855 Forte
1298 3792 1620 3873 legendum
1653 3803 1866 3879 ποιγῶν.

262 3886 357 3961 15)
396 3890 535 3950 Post
564 3892 841 3971 ὁμολογεῖν
866 3890 1099 3971 aliquot
1120 3891 1309 3953 literae
1340 3888 1640 3961 extincto.

268 3985 363 4060 16)
400 3982 549 4055 cod,
588 3992 808 4072 ἀρχὶων.
