3050 5017
470 485 1033 578 attrahamus
1080 489 1483 578 sonsum-2
1533 523 1685 579 mir.
1737 533 1787 581 1.
2049 503 2147 584 85

108 641 469 716 solonem
496 640 695 717 hanc
714 693 735 729 ‚
762 663 993 738 quam
1016 639 1099 710 in
1122 641 1437 738 AEgypto
1464 639 1879 732 didicisset,
1905 639 2144 742 legem

112 758 711 836 Atheniensibus
760 755 1051 832 dedisse
1084 808 1105 846 ,
1174 770 1265 828 ut
1318 771 1466 829 tres
1530 775 1778 857 partes
1829 761 2148 836 civitatis

112 877 671 951 constituerent
695 900 713 946 ε
750 893 1540 972 unam-generosorum
1562 931 1582 966 ,
1603 880 1742 976 qui
1765 881 2150 977 sapientias

108 994 519 1094 literisque·
530 991 929 1094 vacabam3
958 990 1265 1065 alteram
1296 1013 1564 1066 eorum
1585 1049 1606 1084 ,
1646 995 1783 1093 qui
1809 997 2146 1094 agricolae

102 1111 343 1184 simul
386 1127 463 1188 et
480 1110 768 1184 -milites
801 1136 825 1204 3
893 1111 1189 1184 tertiam
1238 1105 1604 1211 opificum
1639 1127 1868 1212 atque
1910 1113 2146 1188 artifi-

106 1253 285 1301 cum
309 1283 333 1318 ‚
370 1230 631 1302 ceteris
658 1227 756 1301 ab
784 1228 1081 1300 honore
1106 1225 1429 1301 exclusis
1463 1257 1480 1300 ε
1510 1251 1554 1301 e
1593 1229 1879 1328 quibus
1913 1230 1976 1303 si
2004 1233 2145 1331 qui

106 1359 323 1416 erant
390 1342 733 1430 utiliores
770 1398 792 1432 ,
875 1343 1222 1444 agricolis
1284 1345 1702 1445 iisdemque
1767 1345 2150 1430 militibus„

104 1463 407 1561 juncti,
460 1461 881 1538 serviebant
920 1517 940 1554 ,
990 1459 1434 1564 bellumque
1484 1479 1560 1537 et
1603 1465 2139 1564 agriculturam

104 1577 592 1654 docebantur.
624 1586 775 1656 Hos
802 1580 973 1654 Itali
1015 1583 1333 1672 tironeS,
1372 1585 1590 1683 quasi
1609 1609 2026 1656 aerumnosa
2055 1586 2140 1658 in

104 1697 464 1770 servitute
508 1699 764 1790 tritos,
824 1699 1200 1772 dixerunt.
1256 1698 1745 1775 Athenienses
1793 1701 1999 1772 enim
2055 1701 2140 1776 in

105 1811 467 1886 omnibus
512 1815 789 1890 imitati
841 1817 1214 1906 Romani,
1270 1831 1347 1888 et
1397 1817 1547 1916 ipsi
1599 1817 1974 1890 civitatem
2035 1815 2142 1890 ita

104 1933 581 2008 constituere.
630 1933 934 2007 Etenim
990 1932 1174 2006 hinc
1212 1945 1525 2032 quoque
1567 1931 1813 2007 tribus
1863 1933 2139 2034 populi

100 2065 345 2148 partes
367 2047 830 2154 adpellavere
844 2106 868 2142 ,
902 2049 1182 2123 scilicet
1202 2076 1245 2123 a
1264 2051 1584 2124 civitatis
1606 2053 1688 2122 in
1718 2066 1866 2125 tres
1888 2066 2138 2151 partes

100 2165 489 2240 divisione.
610 2178 621 2191 “
2041 2257 2048 2264 .

192 2285 317 2371 48.
372 2289 467 2358 Et
498 2283 580 2357 hi
609 2283 923 2386 quidem
958 2299 1323 2384 tanquam
1359 2283 1959 2357 additamentum
1986 2337 2009 2374 ‚
2045 2297 2140 2358 ut

96 2399 461 2476 nonnulli
479 2400 819 2475 historici
838 2398 1179 2474 referunt
1195 2454 1216 2491 ,
1242 2426 1285 2472 a
1304 2401 1542 2474 Mario
1559 2453 1581 2492 ,
1603 2402 1741 2500 qui
1763 2415 2136 2492 tyrannus

93 2533 348 2618 postea
376 2519 649 2610 evasit,
691 2519 1107 2590 constituti.
1134 2518 1196 2590 Ii
1224 2541 1401 2592 vero
1422 2572 1445 2610 ‚
1476 2518 1618 2617 qui
1653 2516 1833 2590 inde
1865 2516 1964 2590 ab
1997 2518 2137 2590 ini·

92 2637 197 2706 tio
233 2635 680 2734 magistrum
707 2635 1058 2733 equitum
1084 2637 1358 2726 secuti,
1390 2634 1787 2712 communi
1815 2634 2136 2708 nomine

92 2755 428 2854 promoti
482 2737 835 2854 adpellati
882 2768 1114 2829 sunt:
1158 2780 1488 2854 quorum
1543 2770 1758 2830 erant
1801 2770 2134 2855 quatuor

88 2872 395 2946 ordines
422 2927 447 2964 ,
494 2870 787 2944 biarchi
820 2927 842 2962 ‚
893 2871 1338 2964 ducenarii,
1388 2875 1892 2948 centuriones.
1910 2925 1959 2945 ..

90 3043 110 3059 .
125 3045 139 3060 .
154 3047 170 3060 .
188 2989 454 3064 decem
482 2987 821 3078 tribuni,
854 2977 1389 3066 duo'consules
1410 3046 1432 3081 ,
1472 3005 1644 3066 octo
1668 3005 2020 3091 praetores
2053 3003 2131 3062 et

86 3131 205 3178 sex
239 3104 493 3179 aediles
524 3120 823 3182 tantum
858 3106 942 3178 in
978 3103 1169 3178 urbe
1214 3105 1642 3180 manebant.
1695 3113 1860 3180 Haec
1916 3111 2129 3178 Pom-

84 3226 373 3320 ponius
396 3277 419 3314 ‚
478 3225 745 3296 evitata
770 3277 793 3314 ‚
860 3235 952 3294 ut
982 3221 1323 3314 videtur,
1388 3227 1603 3323 copia
1649 3237 1726 3295 et
1773 3224 2128 3296 varietate

82 3341 437 3416 historiae.
476 3339 849 3442 Ulpianus
897 3353 1151 3412 autem
1197 3340 1279 3412 in
1316 3340 1409 3412 iis
1439 3394 1462 3431 ‚
1528 3363 1696 3439 quae
1740 3337 2123 3412 Protribu·
2197 3335 2206 3352 '

78 3458 279 3532 nalia
316 3458 844 3532 inscribuntur
863 3514 884 3550 ,
953 3455 1311 3531 subtilius
1344 3455 1440 3530 de
1480 3455 1930 3558 praetoribus
1974 3456 2120 3529 dis·

76 3578 321 3648 seruit
352 3628 375 3666 ‚
429 3572 614 3649 alios
657 3574 1044 3648 tutelarios
1066 3630 1088 3665 ,
1154 3571 1341 3648 alios
1394 3571 2122 3649 fideicommissarios

76 3689 468 3790 adpellans
505 3719 523 3762 ε
562 3689 657 3763 de
693 3689 976 3790 quibus
989 3743 1011 3784 ‚
1058 3693 1423 3793 quoniam
1459 3690 1691 3766 semel
1733 3689 2068 3790 abrogati
2093 3744 2115 3782 ,

74 3807 300 3882 nolui
337 3831 947 3880 commemorare.

166 3928 301 4024 49.
352 3925 723 4024 Expositis
754 3919 1306 4025 magistratibus
1329 3980 1352 4018 ‚
1376 3949 1709 4026 quorum
1733 3978 1755 4016 ,
1781 3921 1879 3996 ab
1904 3922 2111 3996 incu-

76 4037 383 4120 nabulis
418 4037 768 4124 Romanae
802 4045 1233 4150 reipublicoe
1282 4045 1379 4124 ad
1412 4047 2106 4124 mansuetissimum
