3050 5017
754 481 868 532 nn
917 481 1260 557 seruum
1311 483 1582 534 LYDO.
1916 469 2174 566 xxxlij

139 633 176 699 ὁ
209 630 662 724 Ampoecfmoc
685 621 1060 702 duntaxat
1091 637 1413 703 vocatur
1453 625 1601 726 (de
1636 653 1791 726 quo
1812 633 2183 731 scriptore

141 771 364 840 extat
421 757 644 834 docta
698 757 1107 857 Lequienii
1173 759 1623 836 Dissertatio
1697 763 1782 836 in
1849 765 2181 842 Bandur.

142 897 435 994 Imper.
491 893 790 970 Orient-
837 893 1064 968 Tom.
1113 893 1219 968 ΙΙ.
1263 918 1428 996 pag.
1466 891 1687 997 794.)
1714 895 1798 971 in
1830 909 2185 976 nostrum

143 1027 474 1130 Lydum
515 1039 690 1126 apte
735 1023 1134 1124 quadrant.

250 1294 448 1376 XV.
503 1295 776 1370 Restat
799 1303 1186 1392 postremo
1211 1295 1428 1371 locus
1455 1297 1506 1370 J
1505 1299 1775 1372 oannis
1808 1298 2189 1398 Scylitzae‚
2334 1333 2436 1375 xv.

147 1431 236 1505 in
269 1453 432 1529 quo
455 1425 664 1528 Lydi
698 1427 1167 1502 mentionem
1191 1427 1362 1504 fieri
1389 1433 1749 1530 suspicati
1784 1446 1967 1508 sunt
1996 1459 2191 1510 non·
2219 1419 2565 1548 sssufffffffit

145 1563 383 1640 nulli.
411 1561 494 1638 Is
515 1560 854 1662 Scylitza
879 1560 1276 1638 historiam
1293 1562 1653 1660 reliquit,
1696 1565 2029 1641 editione
2056 1568 2195 1642 du·
2286 1564 2435 1682 ⁶1:⁵0:ss
2436 1564 2497 1682 2⁰

149 1696 388 1798 plici:
418 1695 756 1793 priorem
783 1693 1172 1795 vulgatam
1209 1710 1382 1795 post
1415 1723 1476 1771 a.
1517 1693 1747 1796 1057,
1792 1725 1971 1775 cum
2008 1725 2198 1800 prae-

157 1829 404 1906 fectus
417 1839 612 1905 esset
628 1853 857 1904 sacrae
869 1829 1105 1906 vesti:
1127 1828 1438 1906 alteram
1455 1830 1655 1905 circa
1680 1857 1745 1904 a.
1770 1833 1989 1929 1081,
2016 1859 2197 1910 cum

155 1973 410 2064 ageret
463 1961 730 2062 palatii
783 1987 1066 2038 curam.
1127 1964 1250 2040 Ac
1305 1965 1640 2062 priorem
1688 1964 1901 2039 illam
1957 1965 2199 2042 ferme

155 2101 537 2198 integram
581 2096 850 2171 retulit
893 2097 980 2171 in
1025 2095 1567 2194 compendium
1607 2121 1831 2170 suum
1886 2096 2197 2173 histori-

156 2257 340 2308 cum
385 2258 406 2302 τ
460 2229 623 2306 vid.
661 2228 942 2305 Harles
976 2228 1175 2304 Bibl.
1218 2253 1328 2328 gr.
1355 2200 1775 2304 V01.'V11.
1800 2255 1967 2329 pag.
2006 2237 2194 2330 724:

157 2365 474 2442 ulterius
503 2362 706 2442 nihil
731 2373 844 2438 est
878 2359 1130 2438 adhuc
1152 2387 1423 2438 cusum
1447 2417 1470 2454 ‚
1535 2373 1811 2460 praeter
1836 2389 2002 2440 eam
2028 2391 2200 2463 par·

157 2510 314 2573 tem
333 2553 360 2586 ,
389 2519 566 2596 quae
597 2495 878 2595 prioris
909 2493 1266 2570 editionis
1301 2497 1961 2574 continuationem
2016 2525 2205 2574 con·-

159 2633 352 2708 tinet
371 2685 398 2726 ,
429 2629 773 2728 impr-ess.
821 2607 1062 2706 Parisss
1113 2628 1330 2728 1647.
1385 2630 1553 2706 Fol.
1592 2629 1692 2705 ad
1742 2629 2024 2705 calcem
2068 2631 2201 2704 Ce-

163 2763 404 2838 dreni.
429 2761 804 2838 Praeterea
821 2760 1469 2839 Montefalconius
1493 2761 1857 2839 Biblioth.
1886 2763 2201 2838 Coislin.

165 2897 404 2975 Paris.
459 2895 678 2994 1715.
725 2897 893 2972 Pol.
925 2921 1088 2996 pag.
1132 2919 1298 2997 207.
1345 2921 1450 2974 ex
1495 2895 1679 2974 Cod.
1734 2893 2205 2973 Coislin'iano

165 3027 693 3134 praefationem
717 3031 1106 3130 vulgavit,
1153 3057 1198 3106 a
1225 3031 1559 3133 Scylitza
1592 3031 1781 3107 huic
1800 3031 2020 3107 alteri
2046 3031 2203 3106 edi·

167 3165 366 3244 tioni
389 3163 810 3266 praefixam.
859 3167 982 3240 Ibi
1017 3167 1354 3265 primum
1387 3168 1927 3266 improbentur
1957 3169 2051 3241 ab
2076 3191 2207 3241 au·

171 3315 382 3378 etore
404 3300 455 3373 J
456 3323 738 3375 oannes
773 3299 1112 3396 Siculus,
1153 3297 1489 3374 Michael
1523 3295 1823 3375 Psellus
1855 3355 1878 3395 ,
1923 3285 2209 3397 aliique

171 3435 578 3533 scriptores
597 3434 832 3509 aetatis
865 3433 1113 3528 illius,
1154 3443 1243 3507 ut
1265 3429 1543 3530 exiles,
1584 3443 1661 3508 et
1695 3429 2021 3506 infantes
2050 3487 2072 3528 ,
2132 3443 2209 3507 et

175 3569 316 3670 qni
359 3591 484 3642 nes
521 3568 828 3660 majoris
871 3567 1240 3646 momenti
1273 3567 1358 3642 in
1399 3565 1741 3643 historiis
1792 3561 1951 3642 suis
1999 3589 2205 3664 prae-

175 3702 662 3779 termiserint.
697 3702 969 3777 Postea
1008 3702 1251 3800 pergit
1289 3700 1624 3800 Scylitza
1656 3699 1867 3776 himo
1896 3699 1983 3775 in
2024 3693 2205 3776 mo-

181 3833 370 3911 dum
393 3891 418 3930 ‚
469 3833 668 3910 Bibl.
713 3831 1024 3908 Coislin.
1072 3859 1230 3935 pag.
1283 3833 1430 3910 208
1466 3858 1484 3907 t
1536 3823 1597 3907 ὁ
1650 3839 1765 3932 γὰρ
1814 3838 2207 3932 Δαφνοπαίτης

181 3971 508 4069 &asom
539 4019 564 4060 ,
613 3971 880 4049 Ναήως
933 3971 970 4038 ὁ
1011 3971 1353 4065 Παφλαγὼν
1369 4021 1397 4058 ,
1461 3949 1663 4064 imp
1712 3970 1738 4035 ε
1780 3970 2051 4050 rmum:
2108 3971 2211 4040 m·

1881 4125 1923 4171 e
