3050 5017
400 488 951 547 nmrunucass
1000 493 1407 543 nonnus
1454 486 1618 543 mn.
1671 491 1801 545 111.
1965 462 2104 549 23!

106 603 303 677 malis
322 660 343 696 ,
371 607 615 681 media
650 606 863 681 urbis
894 620 1105 706 parte
1140 608 1315 707 igne
1344 622 1775 698 consumta,
1803 609 2112 681 mixtam

104 706 459 797 bellorum
492 724 1003 797 infelicitatem
1028 722 1505 819 aliorumque
1541 723 2117 798 innumerarum

106 838 599 937 calamitatum
650 871 669 914 :
716 855 805 916 ut
860 842 1023 939 ipse
1072 837 1235 929 ille,
1272 840 1716 937 imperator,
1761 842 2074 940 inquam
2099 892 2122 934 ,

108 948 250 1026 suis
298 958 787 1057 perturbatus
835 953 1082 1045 maliS,
1117 980 1275 1027 non
1322 954 1590 1045 mode,
1619 954 1790 1027 aula
1837 955 2126 1048 relicta,

109 1074 403 1168 spectris
456 1077 669 1173 quasi
727 1077 1040 1171 ignavus
1094 1076 1387 1146 Orestes
1440 1072 1850 1170 exagitatus
1871 1127 1892 1163 ,
1943 1072 2128 1145 alibi

109 1185 541 1264 habitaverit
559 1246 580 1281 ,
611 1216 875 1263 verum
915 1193 1153 1291 ipsam
1187 1214 1495 1298 quoque
1534 1214 1834 1273 auream
1871 1192 2128 1265 civita-

110 1310 245 1376 tem
269 1308 499 1379 exitio
522 1307 953 1405 relinquere
970 1308 1405 1405 cogitaverit
1423 1360 1445 1396 ,
1462 1330 1820 1404 unusque
1839 1323 2128 1395 tantam

108 1420 395 1519 imperii
421 1421 669 1495 sedem
692 1425 1067 1495 evertisset
1086 1474 1109 1513 ‚
1132 1424 1215 1493 ni
1231 1420 1417 1495 deus
1434 1474 1455 1509 ,
1484 1420 1693 1520 quod
1721 1420 1928 1496 dedit
1951 1424 2130 1497 urbi

110 1530 499 1637 imperium
520 1593 542 1631 ,
578 1552 1096 1614 conservasset.

194 1652 311 1742 45.
363 1652 457 1729 Et
512 1662 662 1732 Leo
714 1657 1025 1757 quidem
1062 1652 1473 1757 aliquando
1528 1678 1680 1729 esse
1729 1656 1950 1727 desiit
1995 1688 2012 1725 ε
2051 1670 2134 1729 at

106 1769 525 1869 praefec'tura
576 1776 965 1848 concitatis
1010 1772 1107 1845 ab
1149 1796 1239 1847 eo
1274 1771 1910 1848 inundationibus
1957 1772 2132 1846 sub·

110 1912 327 1963 mersa
344 1904 453 1963 est
469 1946 489 1980 ‚
506 1888 806 1964 Zenone
824 1888 1099 1963 deinde
1112 1890 1346 1963 soceri
1363 1891 1771 1989 imperium
1801 1904 2130 1963 tenente.

109 1994 262 2077 Erat
302 2020 559 2078 autem
608 1996 961 2097 timidus,
1014 2023 1145 2079 seu
1196 2007 1453 2104 potius
1501 2008 1767 2097 miser,
1818 2022 1892 2078 et
1934 2006 2130 2079 bella

110 2116 415 2218 pecunia
478 2112 929 2213 redimebat,
988 2133 1085 2193 ne
1147 2112 1229 2191 in
1296 2104 1756 2219 imaginibus
1817 2122 2130 2222 quidem

110 2260 433 2337 pugnam
480 2240 861 2312 sustinens
907 2234 1195 2328 videre,
1248 2230 1837 2339 praefectumque
1884 2240 2130 2313 multo

110 2368 283 2427 auro
336 2370 599 2455 pacem
648 2358 963 2431 mercari
1012 2344 1323 2457 cog'ebat
1340 2410 1360 2447 ,
1404 2360 1560 2457 ipse
1614 2357 1837 2433 bonis
1884 2360 2136 2460 publi-

114 2471 357 2545 candis
391 2488 466 2547 et
498 2464 955 2575 principum.
978 2476 1061 2546 in
1098 2460 1489 2573 ‘republica
1523 2476 1862 2547 virorum
1904 2479 2136 2552 exitio

116 2586 461 2663 intentus.
523 2590 803 2663 Habuit
855 2616 1034 2664 vero
1088 2606 1163 2663 et
1223 2592 1382 2689 ipse
1436 2592 1719 2687 pariter
1754 2590 2134 2667 infelicem

117 2707 411 2781 exitum.
470 2704 725 2783 Tantis
774 2694 991 2782 malis
1042 2707 1431 2781 submerso
1482 2704 1680 2779 felici
1743 2712 2134 2811 quondam

117 2831 533 2925 magistratu
550 2883 573 2919 ‚
600 2826 927 2921 fortuna,
946 2829 1327 2928 paulisper
1346 2826 1684 2929 quidem,
1705 2828 1834 2901 sed
1851 2832 2140 2905 sineere

118 2942 477 3033 arridens,
509 2947 976 3017 Anastasium
1013 2943 1497 3018 moribundis
1533 2943 1826 3017 civibus
1853 2972 2140 3048 praepo-

122 3058 306 3131 suit:
350 3061 490 3158 qui
535 3074 625 3132 ut
654 3057 973 3159 publicae
1010 3060 1287 3157 inopiae
1336 3058 1802 3152 mederetur,
1849 3064 2140 3137 nullam

128 3198 271 3249 non
306 3176 487 3249 iniit
514 3176 879 3249 rationem
904 3230 925 3263 ,
965 3191 1040 3248 et
1080 3190 1289 3247 more
1316 3160 1865 3274 patrisfamilias
1894 3184 2014 3277 cuj
2024 3207 2146 3253 us·

128 3288 285 3363 dam
332 3290 619 3364 tributa
640 3346 661 3383 ,
702 3306 989 3391 quanta
1030 3293 1304 3365 servari
1336 3306 1720 3393 poterant,
1763 3295 2146 3371 sumtibus

128 3425 199 3478 re
230 3409 388 3507 ipsa
430 3408 1041 3501 accommodans»,
1073 3410 1398 3480 rationes
1438 3423 1836 3483 sumtuum
1879 3428 1954 3485 et
1993 3415 2144 3485 exi*-

128 3522 371 3620 gebat‚
416 3540 495 3599 et
540 3526 739 3622 juste
799 3524 1188 3615 reddebat,
1254 3524 1750 3598 immodicum
1792 3526 2144 3628 .fugiens;

132 3656 363 3739 neque
398 3638 1039 3742 quemadmodum
1072 3638 1267 3716 Nero
1307 3642 1491 3716 olim
1515 3697 1538 3732 ,
1573 3659 1648 3717 et
1682 3647 1742 3716 si
1778 3647 1916 3743 qui
1965 3666 2143 3717 eum

130 3756 473 3851 aemulati,
501 3774 801 3833 sumtus
822 3758 1131 3859 quidem
1160 3758 1603 3832 immodicos
1630 3759 1863 3833 fecere
1885 3816 1903 3851 ,
1928 3762 2145 3832 ratio-

134 3888 253 3947 nes
272 3891 523 3950 autem
550 3876 937 3951 mentione
966 3884 1189 3950 tenus
1218 3864 1351 3947 au't
1386 3874 1715 3975 accipere
1737 3903 1780 3948 a
1803 3875 2150 3977 praefecto

136 4002 257 4059 aut
314 3991 385 4063 ei
436 3992 745 4069 reddere
801 4018 961 4069 non
1012 4006 1194 4069 sunt
1244 3990 1571 4091 dignati,
1623 3991 1986 4084 flumina,
2027 3988 2150 4068 vel
