3050 5017
500 422 1049 495 nurnine-,uz
1100 442 1490 493 nonnum
1541 444 1698 494 mn.
1753 446 1879 495 ιιι.
2057 418 2212 495 263*
2315 416 2320 425 ’

176 544 447 639 facile,
501 578 667 651 quae
706 556 787 625 in
828 555 1134 633 Oriente
1174 552 1638 645 acciderant,
1697 554 1790 626 ad
1833 556 2215 653 principes
2275 628 2282 637 ,

174 666 617 765 reipublicae
662 694 889 768 quam
938 669 1323 741 celerrime
1356 666 1692 759 adferre,
1753 670 2218 771 quandoque

178 783 443 880 ipsum
486 809 854 857 oceanum
914 788 1143 858 armis
1202 786 1624 863 lustrantes.
1678 786 1914 859 Celeri
1961 790 2216 883 itaque

178 924 416 973 cursu
478 903 861 974 nuntiatio
904 918 1081 975 ante
1129 900 1399 974 famam
1447 900 1694 975 fiebat.
1744 907 1832 973 Et
1875 902 2020 973 hoc
2063 917 2224 973 tam

178 1016 511 1097 salutare
562 1018 991 1118 reipublicae
1042 1022 1475 1093 institutum
1539 1020 1682 1093 lata
1743 1019 1868 1091 illa
1919 1006 2224 1091 maxilla

179 1137 439 1210 delere
466 1162 603 1211 sua
640 1140 1121 1212 nuntiatione
1170 1141 1566 1214 constituit
1589 1196 1609 1228 ,
1664 1155 1738 1214 et
1769 1140 2220 1236 consangui-

180 1279 427 1327 neum
460 1256 851 1355 ipsiusque
902 1256 1351 1329 concordem
1398 1258 1754 1355 nequitia·
1787 1254 2218 1354 praefectum

182 1373 605 1469 persuasit,
661 1396 1296 1473 supervacaneum
1338 1372 1688 1468 judicans
1733 1372 2220 1471 publicorum

184 1512 571 1583 equorum
606 1491 1115 1564 ministerium
1136 1546 1158 1578 ,
1202 1514 1451 1587 neque
1480 1488 1952 1587 intelligens,
1985 1488 2225 1561 Niobe

187 1607 357 1703 ipsa
403 1606 809 1705 lapidosior
834 1661 854 1695 ,
914 1608 1025 1677 rei
1070 1604 1497 1677 utilitatem.
1553 1604 1948 1679 Praefectus
1993 1628 2174 1676 vero
2203 1659 2222 1695 ,
2275 1690 2282 1695 ¹

188 1723 435 1803 inscio
460 1704 955 1821 imperatore,
1000 1722 1032 1819 (
1057 1723 1194 1821 qui
1232 1723 1439 1794 enim
1478 1720 1810 1819 publicis
1853 1719 2224 1793 calamita-

190 1837 406 1909 tibus
438 1838 871 1911 indulsisset
896 1839 973 1937 Ρ)
1032 1854 1107 1909 et
1137 1837 1283 1910 hoc
1322 1838 1754 1937 reipublicae
1783 1824 2224 1915 institutum

188 1957 539 2031 extinxit.
583 1956 769 2029 Inde
795 2012 817 2045 ,
870 1980 1047 2029 cum
1078 1958 1359 2054 species
1392 1981 1552 2028 non
1586 1956 1906 2037 venditae
1942 1958 2024 2028 in
2063 1981 2230 2054 pos-

188 2070 654 2143 sessionibus
676 2086 1225 2169 putrescerent,
1256 2072 1523 2143 Asiana
1551 2073 1938 2169 provincia
1965 2068 2226 2143 sercin
2263 2060 2268 2065 ⁵

186 2184 677 2263 frumentum
742 2170 1095 2264 conversa
1132 2239 1153 2271 ,
1234 2185 1546 2264 collator
1596 2186 1824 2283 perii-t
1849 2240 1872 2275 ,
1951 2210 2227 2259 aurum

189 2304 619 2401 specierum
669 2302 837 2379 loco
872 2302 981 2379 ab.
1006 2302 1475 2375 exactoribus
1521 2302 1984 2402 postulatus3
2049 2294 2264 2397 eum·

192 2444 452 2519 neque
472 2418 795 2500 vendere
820 2422 1103 2519 species
1133 2433 1411 2519 posset,
1436 2419 1705 2517 procul
1733 2444 1777 2522 a
1801 2420 1990 2494 mari
2021 2418 2234 2491 habi-2

194 2554 367 2611 tans
388 2593 409 2629 ,
453 2564 713 2638 neque
736 2536 917 2615 fisco
944 2562 1065 2611 eas
1102 2534 1540 2635 impendere
1561 2590 1582 2627 ,
1629 2550 1720 2608 ut
1751 2550 1967 2609 antea
1994 2590 2015 2625 ,
2066 2536 2232 2611 lice-

195 2670 337 2727 ret.
392 2657 525 2732 His
564 2679 925 2729 accessere
978 2653 1369 2737 constituti
1416 2653 1499 2724 in
1552 2651 2007 2749 regionibus·
2031 2678 2234 2735 exer·-

196 2776 401 2846 citus
422 2828 445 2862 ,
474 2787 735 2844 contra
766 2771 1169 2847 utilitatem
1197 2793 1242 2841 a
1276 2765 1780 2843 concordibus
1821 2768 1970 2839 illis
1997 2784 2234 2853 transs

196 2890 379 2981 lati3
447 2891 735 2988 quippe
768 2902 842 2961 et
884 2886 1039 2989 hac¹
1060 2886 1481 2969 mutatione
1516 2882 1768 2981 fruges
1811 2885 1892 2955 in
1929 2889 2234 2983 regione

202 3007 656 3097 manebant,
714 3005 1063 3102 dumque
1100 3002 1383 3075 tributa
1432 3005 1528 3078 in.
1553 3026 1824 3093 aurum
1854 3057 1875 3092 ,
1929 3006 2102 3101 ipsae
2149 3008 2236 3079 in

202 3142 477 3197 terram
515 3124 927 3224 quotannis
961 3119 1892 3218 convertebantur,‚Atque
1937 3114 2256 3197 utinam?

204 3243 413 3315 solus
464 3245 621 3341 ipse
661 3295 682 3330 ,
760 3239 1144 3337 solamque
1192 3236 1395 3309 illam
1440 3238 1928 3333 provinciam.
1960 3237 2250 3346 exhau5

204 3362 449 3454 sisset,
478 3383 725 3455 neque
748 3358 827 3427 in
857 3380 1315 3455 unaquaque
1342 3356 1640 3427 civitate
1661 3356 2236 3453 provinciaque,

207 3475 457 3574 qualis
484 3476 685 3573 ipse,
740 3472 908 3564 alii,
958 3474 1121 3571 ipso
1154 3473 1385 3544 etiam
1416 3470 1742 3569 pejores,
1795 3469 2237 3569 ubicunque
2349 3519 2358 3528 -

208 3592 519 3665 demum
573 3588 949 3662 defossum
990 3588 1301 3661 obolum
1350 3586 1814 3660 retrahentes
1839 3642 1860 3677 ,
1921 3590 2272 3687 prodiis-.,

210 3724 379 3783 sent
404 3764 426 3798 ,
470 3708 799 3779 exercitu
838 3703 1299 3779 nefariorum
1324 3760 1349 3795 ,
1393 3720 1471 3778 et
1496 3704 1928 3802 agminibus
1957 3692 2272 3824 Cappa-5„

211 3817 489 3898 docum
526 3824 819 3924 stipati!

292 3984 367 4064 5)
404 3982 552 4045 cod.
581 3988 973 4064 ἀπογεοῦσθαι.
1056 3983 1143 4058 6)
1170 3976 1319 4047 God-
1364 3983 1682 4059 ἀναπῶντες,
