3050 5017
791 461 1002 544 ‚lxiv
1465 487 2229 543 counssnranms

827 602 1333 727 contremuit,
1390 633 1658 709 nullus
1684 631 1911 733 Lydo
1942 633 2157 710 locus
2198 643 2609 732 supererat.
2656 631 2859 708 Nam

824 764 1162 862 primum
1209 765 1372 859 ipse
1414 763 1715 840 Codicis
1766 791 2189 863 possessor,
2256 757 2559 840 coactus
2596 766 2859 863 patriae

823 893 1020 970 fines
1049 894 1395 970 fidelitati
1445 921 1603 972 suae
1642 897 2083 1012 interdictos
2115 899 2343 996 longe
2396 911 2859 995 respectare,

822 1047 1020 1126 aque
1043 1028 1412 1127 legatione
1451 1029 1533 1103 in
1573 1031 1895 1105 exilium
1922 1029 2361 1142 ⁸voluntaria
2391 1031 2563 1105 vice
2594 1027 2863 1104 tradu-

823 1173 1017 1252 ctus,
1045 1191 1088 1236 a
1105 1163 1597 1239 Serenissima
1616 1167 1985 1262 Augusta,
2007 1189 2181 1261 quae
2204 1177 2391 1240 tune
2408 1163 2865 1238 latissimum

821 1297 1234 1396 imperium
1265 1296 1697 1395 aquilonari
1740 1297 1955 1396 plaga
2000 1297 2327 1396 gloriose
2358 1298 2867 1397 gubernabat,

822 1445 915 1504 ut
941 1429 1036 1505 ad
1067 1456 1232 1506 eam
1265 1453 1345 1504 se
1373 1428 1751 1506 conferret
1785 1431 2555 1508 honorificentissime
2580 1429 2860 1505 invita·

821 1577 948 1640 tus
981 1577 1112 1639 est.
1155 1563 1334 1656 Quo
1361 1590 1541 1640 cum
1568 1566 1993 1642 secessisset
2014 1621 2036 1662 ‚
2088 1578 2167 1640 et
2192 1566 2359 1663 ipsa
2384 1564 2655 1663 quanti
2682 1589 2863 1638 eum

821 1695 1141 1790 faceret,
1197 1709 1573 1794 quantum
1600 1696 1974 1794 crederet,
2032 1696 2491 1774 documenta
2518 1697 2863 1772 maxima

822 1821 1032 1906 dedit
1075 1858 1091 1903 :
1140 1841 1214 1903 et
1239 1817 1448 1904 filius
1473 1831 1661 1904 item
1686 1831 1847 1927 ejus
1886 1831 2203 1908 meliore
2236 1829 2541 1906 fortuna
2585 1828 2863 1930 dignus

819 1963 1110 2040 Paulus
1138 1959 1336 2060 Imp.
1369 1985 1549 2038 cum
1576 1975 1769 2038 esset
1812 1962 2105 2038 liberali
2134 1989 2223 2038 ac
2272 1987 2551 2063 magno
2598 1963 2857 2038 animo

817 2098 1224 2202 pxaeditus‚
1269 2098 1642 2198 justisque
1664 2153 1687 2194 ‚
1740 2109 1967 2198 atque
2018 2099 2245 2174 rectis
2288 2099 2855 2193 voluntatibus,
2948 2185 2955 2190 ⁵

818 2236 1376 2336 amplissimum
1410 2234 1673 2310 virum
1706 2235 2095 2310 beneficiis
2126 2233 2479 2334 plurimis
2504 2236 2855 2310 ornavit:

820 2371 1184 2452 afflictum
1217 2369 1462 2444 erexit
1491 2371 1833 2444 :extorri
1862 2339 2169 2468 penates
2188 2425 2211 2466 ,
2262 2370 2857 2470 dignitatemque

821 2506 1179 2584 reddidit:
1195 2503 1589 2580 mandavit
1612 2505 1924 2581 demum
1944 2531 2373 2606 supremam
2392 2491 2654 2583 curam
2676 2531 2859 2582 eum

823 2642 1173 2718 omnium
1202 2635 1829 2714 bibliothecarum
1858 2639 2383 2738 Imperialium
2402 2694 2425 2735 ,
2463 2652 2632 2716 tum
2656 2639 2859 2714 Aca-

821 2773 1090 2850 demiae
1115 2772 1466 2846 Caesareoe
1499 2825 1522 2863 ,
1570 2795 1729 2867 qua
1758 2769 1957 2846 nihil
2006 2757 2330 2870 usqua‘m
2364 2771 2852 2871 magnificen-

695 2988 702 2998 ,
821 2909 1002 3004 tius,
1049 2904 1250 2982 nihil
1275 2900 1745 3000 splendidius
1773 2903 1871 2978 ab
1902 2904 2065 2980 ullo
2096 2908 2577 3008 superiorum
2622 2931 2854 2982 saecu-

820 3043 1076 3118 lorum
1103 3063 1272 3138 rege
1287 3037 1374 3110 in
1393 3036 1823 3112 liberalium
1836 3033 2109 3114 artium
2134 3039 2623 3118 commodum
2640 3021 2853 3114 insti·

823 3186 1080 3251 tutum
1109 3185 1244 3248 est.
1266 3171 1384 3246 lta
1403 3195 1581 3244 cum
1596 3181 1801 3244 «esset
1820 3170 1904 3244 in
1936 3172 2279 3248 maximo
2298 3173 2621 3270 imperio
2646 3197 2851 3248 sum-

822 3337 998 3386 mus
1019 3310 1298 3384 artium
1322 3317 1400 3380 et
1423 3305 1673 3380 omnis
1698 3303 2195 3382 humanitatis
2211 3307 2516 3402 arbiter,
2538 3319 2615 3380 et
2634 3297 2857 3406 quasi

743 3455 752 3460 “
823 3452 1272 3544 procurator
1302 3433 1723 3514 excitandis
1744 3430 1833 3510 ac
1867 3437 2363 3536 propagandis
2396 3439 2665 3516 studiis
2698 3441 2858 3516 ele-

825 3589 993 3653 ctus
1019 3631 1040 3668 ,
1099 3575 1186 3648 in
1229 3559 1685 3648 nobilissimi
1734 3570 2073 3646 muneris
2120 3577 2618 3673 occupatione
2658 3574 2861 3652 nihil

821 3709 1188 3809 temporis
1215 3704 1601 3804 reliquum
1624 3701 1893 3797 habuit
1910 3760 1931 3800 ‚
1986 3707 2197 3805 quod
2218 3709 2445 3809 Lydo
2468 3709 2859 3810 impende-

823 3858 941 3924 ret
983 3871 1000 3918 :
1045 3862 1508 3936 omnemque
1530 3836 1789 3935 potius
1826 3851 2163 3916 mentem
2192 3899 2214 3938 ‚
2274 3845 2807 3942 cogitationem
2828 3899 2857 3940 ,

827 4001 1132 4075 operam
1155 3967 1514 4050 adhibere
1540 3969 1793 4050 voluit
1806 4023 1831 4066 ‚
1854 3984 1940 4050 ut
1958 3985 2259 4076 gratum
2276 3977 2617 4056 animum
2630 4031 2655 4074 ‚
2680 4003 2861 4076 qua·

1681 4103 1687 4110 ⁹
2232 4100 2253 4124 “
2706 4109 2864 4196 lem
