3050 5017
442 453 1017 503 nzxrunmcaz
1067 453 1481 505 nonnus,
1533 456 1688 507 ιη.
1739 458 1870 509 111.
2028 432 2166 536 195

155 564 615 639 secundiano
654 566 965 641 consule
986 622 1010 657 ‚
1042 590 1083 637 e
1118 568 1358 665 patria
1387 594 1582 661 mea,
1621 569 2135 671 Philadelphia
2152 627 2176 665 ,

152 679 239 751 ad
278 681 623 757 Tmolum
668 686 753 755 in
786 682 1020 775 Lydia
1050 684 1381 780 jacente,
1434 687 1519 757 in
1561 684 1844 759 hancce
1883 687 2175 761 beatam

154 798 515 871 civitatem
568 800 927 899 perveni3
990 824 1321 899 cumque
1370 799 1610 874 multa
1663 826 1964 875 mecum
2003 804 2178 878 deli-

155 909 510 989 berassem
524 971 548 1007 ‚
594 916 689 990 ad
738 916 1205 1017 memoriales
1245 917 1432 991 aulae
1473 918 1818 991 accedere
1834 974 1856 1011 ‚
1902 944 2176 1022 meque

152 1028 237 1099 ad
264 1030 611 1105 militiam
640 1058 815 1107 cum
846 1035 939 1107 iis
966 1036 1349 1133 accingere
1378 1036 1764 1109 constitui.
1789 1040 1897 1111 Ne
1919 1051 2173 1109 autem

154 1144 570 1222 intermedii
606 1152 967 1251 temporis
984 1152 1354 1249 jacturam
1382 1150 1618 1226 facere
1643 1153 1972 1245 viderer,
2006 1152 2176 1253 phi·

152 1260 543 1363 losophum
563 1269 825 1343 audire
842 1270 1157 1344 decrevi.
1180 1273 1684 1370 Agapiuserat
1699 1296 1788 1343 eo
1806 1285 2142 1370 tempore
2155 1327 2178 1364 ‚

150 1378 237 1451 de
264 1406 419 1479 quo
452 1384 983 1461 christodorus
1024 1402 1244 1487 poeta
1288 1390 1373 1461 in
1420 1386 1622 1460 libro
1665 1386 2030 1487 singulari
2079 1388 2176 1465 de

152 1494 613 1575 auditoribus
645 1490 903 1601 magui
929 1502 1169 1577 Procli
1208 1503 1311 1575 ita
1345 1505 1497 1577 ait:

234 1618 559 1717 Agapius
578 1621 899 1697 ultimus
916 1620 1261 1721 quidem,
1274 1622 1405 1695 sed
1414 1623 1772 1720 princeps
1781 1621 2136 1695 omnium
2153 1648 2170 1692 ε

154 1732 344 1828 apud
396 1760 703 1833 quem...
758 1736 1239 1811 Aristotelicas
1297 1736 1659 1811 doctrinae
1711 1738 2133 1836 percipiens
2156 1790 2177 1826 ‚
2305 1820 2308 1823 ⁴

155 1850 515 1923 nonnulla
539 1855 766 1926 etiam
794 1854 1229 1928 ePlatonica
1247 1852 1732 1954 philosophia
1749 1852 2174 1929 audiebam.
2245 1862 2262 1871 '

152 1968 235 2035 At
282 1963 590 2043 fortuna
640 1972 727 2044 in
774 1969 969 2045 illud
1026 1974 1285 2070 potius
1330 1996 1455 2045 me
1499 1971 1900 2047 detrudere
1949 1972 2179 2044 mini·-

152 2086 452 2155 sterium
488 2084 845 2159 meditata
864 2142 886 2179 ‚
936 2088 1279 2161 Zoticum
1296 2142 1318 2179 ‚
1378 2090 1618 2161 civem
1678 2112 1982 2178 meum,
2039 2090 2178 2188 qui

154 2223 259 2272 me
308 2222 471 2273 non
534 2226 809 2301 parum
869 2201 1379 2277 delectabatur
1408 2258 1431 2293 ‚
1506 2202 1604 2275 ad
1660 2228 1819 2303 pu.⁴
1847 2218 2177 2275 ceturam

152 2319 483 2411 praetorio
500 2372 523 2407 ‚
568 2318 715 2393 sub
750 2322 1101 2393 omnium
1146 2323 1692 2420 imperatorum
1739 2322 2180 2397 mansuetis·

154 2434 329 2507 simo
345 2438 729 2509 Anastasio
742 2490 763 2527 ‚
778 2440 1121 2536 provexit
1145 2466 1163 2508 ε
1184 2439 1325 2535 qui
1348 2462 1530 2511 cum
1551 2462 1710 2509 non
1731 2436 2180 2537 persuadere

154 2563 435 2625 tantum
472 2608 495 2642 ‚
564 2576 833 2627 verum
884 2555 1109 2627 etiam
1168 2578 1432 2653 cogere
1485 2569 1736 2653 posset
1783 2610 1806 2645 ,
1867 2555 2180 2628 notariis

154 2668 589 2761 praefecmrae
615 2694 737 2741 me
760 2669 1329 2761 adnumeravit,
1362 2672 1444 2743 in
1484 2696 1638 2769 qua
1679 2685 1755 2742 et
1792 2670 2180 2743 humanis-

152 2783 411 2857 simum
450 2788 985 2879 Ammianum,
1042 2784 1347 2859 stau-em
1399 2810 1660 2861 meum
1706 2784 2132 2886 ,patruelem
2153 2838 2184 2874 ..

150 2903 463 2976 eminere
492 2890 999 3001 contingebat.

240 3046 351 3119 ²7·
392 3024 512 3097 Ne
544 3034 798 3093 autem
843 3020 1002 3093 otio
1044 3014 1237 3091 forte
1283 3043 1407 3093 me
1446 3018 1856 3109 traderem,
1908 3042 2183 3091 omnes

156 3132 329 3207 mihi
359 3136 558 3211 lucri
592 3140 749 3211 vias
781 3132 1175 3235 praefectus
1220 3133 1548 3213 ostendit
1578 3162 1596 3205 t
1627 3151 1718 3207 ut
1751 3158 1892 3233 per
1923 3149 2174 3207 totum

156 3251 589 3347 praefecturae
599 3256 664 3353 ej
672 3279 763 3327 us
776 3252 1120 3353 tempus(
1128 3252 1513 3325 modicum
1533 3276 1713 3324 vero
1726 3265 1906 3341 erat,
1921 3275 2173 3350 neque

156 3388 341 3443 anno
363 3370 610 3445 multo
632 3368 979 3470 longius)
1002 3394 1159 3444 non
1181 3368 1439 3441 minus
1458 3366 1668 3439 mille
1690 3384 1958 3441 aureos
1977 3382 2177 3439 caste

156 3476 469 3561 lucratus
488 3488 653 3560 sim.
674 3488 964 3561 Gratias
985 3487 1241 3595 itaque
1256 3508 1394 3585 ego
1408 3540 1431 3578 ‚
1446 3498 1537 3557 ut
1551 3507 1690 3585 par
1709 3498 1866 3556 erat
1879 3536 1902 3575 ,
1921 3504 2204 3587 agens&

222 3696 288 3773 ὃ)
322 3726 385 3779 με
412 3701 749 3779 'rapui-&ficm-
790 3692 943 3755 cod.
986 3699 1348 3777 ἔπαρωθῆσαι.

228 3797 291 3873 7)
326 3797 521 3879 Lego,
550 3802 623 3853 ut
640 3812 847 3855 seusus
866 3792 1131 3873 postulat
1150 3835 1173 3869 ,
1218 3798 1280 3854 οὐ
1305 3795 1548 3873 μετρίως.
1583 3788 1814 3874 Salius
1844 3790 1974 3853 haec
2013 3808 2171 3874 par-2

160 3886 327 3949 ticula
365 3895 432 3953 in
471 3890 617 3955 Cod-
659 3889 875 3952 omissa
912 3898 1021 3952 est·

226 3986 293 4064 8)
328 3990 471 4083 Cojl.
521 3994 637 4054 oim-
