3050 5017
750 460 871 512 nr.
927 457 1298 515 sonum
1360 455 1651 509 mmo.
1970 425 2229 524 lxxvii

191 611 282 675 ut
311 602 400 676 in
425 601 800 698 ejusmodi
830 603 1327 703 quantumvis
1359 611 1781 699 expurgato
1808 622 2037 698 opere
2070 623 2235 672 non

187 735 449 832 aliqua
475 738 806 836 supersit
844 736 1143 813 macula
1175 763 1194 810 t
1229 732 1395 830 sed,
1451 731 1661 832 quod
1698 739 1859 807 reni
1884 730 2238 806 difficilli-

187 895 396 944 mam
433 873 799 971 suscepit,
843 870 1207 971 quodque
1229 870 1338 946 sic
1369 866 1725 970 perfecit,
1782 865 1949 942 laus
1980 891 2231 966 perpe·
2354 957 2377 968 ·

187 1010 324 1076 tua
349 1003 780 1082 tribuenda.

287 1267 694 1346 XXXVI.
747 1271 998 1365 Quid,
1051 1269 1262 1372 quod
1296 1273 1458 1372 ipse
1490 1269 1784 1366 editor,
1838 1270 2037 1344 sicut
2060 1278 2231 1342 tex-
2316 1284 2555 1330 xxxvn.

2256 1365 2410 1412 Editio
2424 1362 2532 1409 libri
2546 1362 2607 1407 do

187 1413 364 1476 tum
391 1407 774 1501 corrigens
793 1433 948 1483 non
977 1407 1209 1484 semel
1227 1431 1529 1484 mecum
1548 1404 1999 1480 amicissime
2024 1429 2227 1478 com-
2285 1437 2485 1483 0022..st-
2522 1449 2581 1518 ξι

189 1536 625 1612 manicavit
644 1595 667 1636 ‚
721 1539 825 1614 ita
857 1542 1225 1639 impresso
1251 1565 1462 1615 nunc
1492 1563 1721 1638 opere
1740 1591 1761 1631 ,
1794 1551 1883 1614 ut
1916 1535 2011 1612 de
2036 1563 2229 1614 non·
2258 1509 2605 1644 ”ssssfmffifc‘

185 1668 430 1744 nullis
461 1674 826 1770 suspectis
869 1671 1064 1750 mihi
1096 1675 1283 1751 locis
1309 1699 1483 1772 quae
1517 1671 1967 1748 viderentur
1994 1671 2231 1746 disse·

187 1829 439 1878 rerem
459 1863 480 1901 ‚
512 1831 636 1880 me
663 1809 983 1905 rogavit.
1012 1808 1248 1908 Cujus
1266 1809 1615 1885 amicitiae
1639 1807 2030 1906 gessissem
2050 1831 2231 1882 sane

184 1963 524 2032 morem,
586 1943 1203 2041 suspicionesque
1231 1942 1362 2018 hic
1387 1967 1593 2018 meas
1642 1939 1936 2037 aliquot
1966 1938 2231 2035 adjun·
2292 1965 2297 1984 ·

185 2073 478 2146 xissem
509 2097 526 2144 :
555 2072 685 2146 sed
715 2099 801 2148 ea
821 2074 952 2148 hic
975 2076 1330 2174 persequi
1357 2100 1518 2148 non
1542 2071 1799 2147 minus
1822 2095 1949 2144 me
1982 2072 2235 2148 vetuit

185 2204 426 2302 hujus
458 2208 1116 2285 commentationis
1149 2210 1585 2284 institutum
1606 2262 1631 2296 ,
1666 2213 1899 2304 quain
1934 2204 2233 2304 religio,

185 2365 290 2414 ne
343 2339 524 2414 libri
571 2338 665 2414 de
708 2342 1274 2440 Magistratibus
1307 2339 1541 2417 editio
1590 2363 1729 2439 per
1775 2365 1901 2413 me
1931 2339 2235 2440 longius

167 2471 564 2548 ²trahatur.
588 2476 846 2567 Quare
867 2501 1350 2574 quaecunque
1376 2485 1788 2574 supersunt
1814 2473 2233 2574 ejusmodi,

183 2631 513 2705 quaeque
567 2619 1013 2692 annotarem
1067 2607 1162 2684 de
1212 2609 1519 2716 ingenio
1574 2606 1827 2708 Lydi,
1900 2607 2002 2682 de
2055 2607 2233 2684 son-

182 2743 398 2815 tibus
419 2793 440 2834 ,
497 2738 595 2815 de
647 2743 1020 2840 graecitate
1047 2799 1070 2838 ,
1140 2741 1238 2816 de
1283 2740 1713 2818 eruditione
1746 2744 2021 2820 Latina
2074 2769 2091 2817 :
2144 2763 2233 2818 en

185 2873 396 2949 nolis
447 2875 531 2949 in
587 2874 872 2978 librum
919 2873 1016 2949 de
1063 2873 1402 2950 ostentis
1465 2863 1927 2954 reseruanda
2003 2873 2227 2951 duco.·

185 3008 440 3080 statui
480 3010 722 3106 enim,
791 3009 886 3084 ad
931 3009 1150 3083 istius
1173 3009 1378 3082 dibri
1424 3005 1837 3090 editionem
1886 3011 2231 3089 animum

187 3139 544 3219 conferre
590 3171 610 3217 t
663 3141 1287 3243 quandoquidem
1337 3144 1789 3221 Graecorum
1850 3172 1955 3220 ex
2010 3144 2233 3222 Italia

187 3276 420 3350 nobis
461 3277 869 3354 allatorum
911 3275 1259 3352 codicum
1281 3331 1305 3371 ,
1361 3276 1645 3373 quibus
1688 3278 2082 3377 impertivi
2114 3279 2239 3353 in-

185 3423 402 3509 tegra
453 3411 736 3487 horum
788 3435 1168 3487 annorum
1224 3409 1474 3486 studia
1494 3467 1517 3506 ,
1583 3435 1803 3512 paene
1822 3411 1945 3492 ·.ad
1994 3413 2233 3488 finem

189 3542 503 3619 adducti
527 3547 838 3646 catalogi
871 3557 1098 3623 sunt:
1133 3573 1458 3646 sumque
1481 3548 1807 3623 solutior
1822 3605 1843 3645 ,
1890 3575 1977 3624 es
2001 3573 2234 3648 opera

187 3677 622 3776 profligata,
643 3677 906 3756 factus.
929 3681 1264 3777 Accedit,
1293 3695 1380 3756 ut
1405 3705 1559 3779 qua
1586 3682 1951 3781 singulari
1964 3683 2235 3757 libera-

189 3809 406 3884 litate
435 3813 564 3886 vir
586 3813 906 3888 illustris
953 3813 1056 3888 de
1073 3814 1436 3890 Choiseul
1478 3841 1675 3914 opus
1702 3813 1798 3890 de
1828 3817 2233 3914 Magistra-

195 3943 408 4020 tibus
429 3971 576 4021 suo
599 3946 992 4046 impendio
1015 3975 1062 4022 e
1087 3951 1420 4027 tenebris
1448 3954 1534 4028 in
1552 3953 1803 4030 lucem
1828 3957 2231 4057 evocavit,
