3050 5017
454 481 1021 533 nssirurmcsr.
1070 482 1472 532 nomme
1522 485 1678 532 mn.
1727 485 1853 532 111.
2029 457 2162 558 187

158 585 299 660 sola
312 591 744 693 paraphrasi
756 608 831 666 et
842 593 1057 691 quasi
1074 593 1573 692 descriptione
1582 594 1876 667 restitui
1888 609 2165 694 posset:

162 705 359 802 quod
390 709 739 782 accidisse
782 723 1072 807 egomet
1106 710 1444 780 memini.
1484 708 1920 781 Introducta
1961 711 2168 782 enim

162 807 581 920 cognitione
596 881 620 919 ,
660 851 835 920 cum
858 851 1027 925 quae
1044 849 1273 925 super
1292 849 1377 898 ea
1397 841 1560 898 acta
1580 841 1766 899 sunt
1791 849 2170 925 nusquam

162 938 511 1037 adparent
545 999 568 1036 ,
630 942 839 1017 illato
886 945 971 1016 in
1024 943 1536 1043 praefecturam
1597 943 2018 1042 personali,
2083 958 2175 1017 ut

162 1074 416 1131 vocant
433 1115 456 1152 ,
488 1061 818 1160 cognitio
854 1059 1079 1132 datur
1110 1058 1322 1131 nulla
1349 1061 1431 1130 in
1458 1084 1539 1132 re
1563 1083 1847 1132 manca.
1871 1064 1974 1131 Ac
2000 1061 2176 1162 quis

161 1198 305 1246 non
329 1173 719 1249 illacrimet
732 1230 754 1267 ‚
776 1175 1091 1249 laudum
1111 1177 1550 1248 memoriam
1571 1191 1939 1275 repetens,
1959 1176 2176 1274 queis

162 1288 487 1365 officium
527 1308 603 1367 et
636 1293 811 1366 talia
837 1296 1141 1367 virtutis
1182 1309 1678 1367 monumenta
1715 1293 2173 1367 celebravere

163 1405 601 1482 clarissimus
661 1411 959 1509 Sergius
982 1464 1004 1502 ,
1062 1426 1140 1483 et
1176 1411 1636 1508 justissimus
1690 1409 1991 1483 Proclus
2016 1465 2037 1499 ‚
2100 1425 2175 1483 et

161 1521 617 1599 doctissimus
649 1526 1191 1616 'l'ribonianus3
1213 1525 1594 1626 (quorum
1624 1523 1754 1597 ille
1787 1523 2174 1624 praefectus

160 1641 490 1737 praetorio
513 1694 534 1731 ,
564 1641 815 1742 qualis
848 1666 1072 1716 nemo
1095 1641 1289 1714 alius
1309 1695 1330 1730 ,
1363 1641 1650 1714 bivero
1677 1639 1900 1714 ambo
1942 1663 2174 1739 quaes-

162 1767 339 1828 tores
358 1757 905 1857 rempublicam
932 1773 1304 1836 ornarunt
1334 1787 1350 1832 :
1374 1757 1405 1860 )
1431 1783 1598 1860 quae
1621 1757 1878 1830 laudes
1901 1757 1998 1830 ab
2024 1783 2177 1830 om-

164 1871 374 1945 nibus
416 1881 573 1947 un‘a
621 1890 788 1948 tum
838 1879 1200 1976 temporis
1246 1874 1620 1950 advocatis
1663 1874 2176 1974 augebantur;

162 1987 239 2060 de
269 1991 553 2089 quibus
586 2008 823 2074 tacere
850 1996 1079 2066 satius
1099 2050 1118 2084 ‚
1146 2017 1377 2092 quam
1418 1995 1602 2065 citra
1629 1995 1986 2066 meritum
2017 1992 2174 2065 lau-

163 2103 316 2178 dare
331 2107 563 2180 decen
571 2109 721 2180 tius
730 2111 1094 2182 existimo.
1114 2114 1208 2181 Et
1224 2108 1377 2181 haec
1390 2107 1704 2207 quidem
1722 2106 1903 2181 olim
1924 2135 1940 2179 :
1964 2133 2176 2181 nunc

162 2245 317 2295 vero
346 2249 505 2295 non
534 2239 835 2298 tantum
864 2249 1022 2298 non
1052 2240 1270 2315 sunt,
1304 2224 1432 2296 sed
1475 2249 1575 2296 ne
1613 2227 1972 2297 memoria
2014 2225 2177 2323 qui·

162 2337 315 2412 dem
337 2339 495 2413 ulla
520 2340 937 2442 dignantur
954 2398 977 2438 ‚
1003 2342 1105 2417 ob
1129 2366 1317 2444 quas
1342 2366 1500 2415 non
1523 2341 1752 2414 semel
1774 2340 2176 2438 retulimus

164 2481 414 2533 causas.

253 2599 363 2647 21.
412 2579 615 2651 Actis
644 2577 1075 2678 praefectum
1110 2581 1458 2680 sequitur
1489 2575 2008 2680 regendariuS,
2035 2575 2174 2673 qui

168 2695 446 2766 muneri
484 2693 1051 2786 synthematum
1089 2721 1353 2769 cursus
1393 2695 1685 2795 publici
1735 2693 2182 2793 praepositus

165 2809 561 2883 etiamnum
590 2811 872 2885 dicitur
892 2812 1244 2914 quidem3
1270 2810 1449 2885 facit
1474 2824 1730 2883 autem
1755 2806 1994 2898 nihil,-
2021 2821 2176 2879 tota

166 2923 258 2993 rei
286 2941 637 3022 potestate
672 2953 810 3028 per
839 2931 1279 3028 magistrum
1327 2927 1515 3002 aulae
1548 2939 1913 3027 surrepta.
1953 2927 2176 2996 Hunc

166 3059 571 3137 sequuntur
598 3044 1033 3118 dioecesium
1065 3070 1260 3116 curae
1286 3043 1774 3142 epistolarum
1802 3097 1825 3132 ‚
1874 3041 2011 3141 qui
2047 3065 2192 3113 su-.

166 3175 285 3250 per
306 3159 628 3256 publicis
659 3159 1137 3260 procedentia
1167 3161 1455 3232 decreta
1488 3156 1833 3246 scribunt
1853 3171 2183 3244 tantum,

166 3293 355 3346 nuno
379 3276 728 3376 neglecti;
752 3292 1179 3352 tractatores
1195 3291 1447 3348 autem
1464 3326 1485 3363 ,
1506 3288 1596 3345 ut
1614 3286 1886 3344 vocant
1900 3326 1921 3361 ,
1938 3271 2174 3342 visam

171 3387 328 3484 ipsis
366 3399 913 3495 suggestionem
958 3395 1313 3470 mandato
1365 3391 1850 3490 subjicientes
1869 3444 1890 3481 ‚
1938 3403 2175 3461 totam

156 3519 579 3601 'potestatem
612 3516 1077 3614 surripuere,
1103 3513 1464 3604 maxime,
1496 3535 1588 3585 ex
1611 3533 1769 3610 quo
1804 3507 2174 3579 scriniarii

168 3624 657 3719 praefecturam
697 3631 843 3704 sibi
892 3633 1057 3704 ausi
1102 3645 1285 3704 sunt
1332 3629 1708 3727 adrogare.
1755 3627 1849 3697 Hi
1891 3637 2173 3723 postre-

170 3742 267 3813 mi
304 3742 767 3822 literatorum
801 3747 1034 3822 officii
1068 3749 1449 3821 ordinum.
1486 3742 1891 3818 Ducenarii
1915 3795 1937 3832 ,
2002 3765 2172 3814 cen-

174 3865 417 3938 tenarii
436 3921 455 3955 ‚
516 3867 810 3941 biarchi
862 3883 937 3942 et
994 3866 1371 3964 adjutores
1391 3920 1412 3955 ,
1475 3877 1552 3937 et
1601 3859 1889 3958 reliqua
1939 3856 2178 3930 officii

168 3979 482 4058 membra
501 4039 522 4078 ,
546 4011 714 4090 quae
739 3984 899 4090 lege
924 3985 1425 4062 constitutum
1456 3981 1638 4084 ipsis
1661 3976 2170 4084 ministerium
