3050 5017
448 422 1005 479 ntxrunucn.
1053 428 1451 477 nonanis
1498 430 1656 479 mn.
1717 433 1843 481 111.
2027 410 2174 515 269

112 552 245 609 tus
264 592 291 629 ‚
353 562 529 637 quae
560 537 1015 630 sandycibus
1060 536 1399 611 membra
1438 539 2136 617 circumfundentes
2156 598 2178 636 ,

108 671 417 729 cuncta
470 672 730 756 aperte
790 655 1282 733 ostendebant
1324 710 1351 748 ‚
1416 678 1586 755 quae
1639 656 1882 741 celare
1929 661 2182 735 viriles

108 773 401 847 oculos
430 773 843 875 oportebat.
872 778 1027 873 Ego
1052 798 1231 848 vero
1252 824 1277 865 ,
1308 772 1570 849 relicto
1599 776 1988 877 paulisper
2009 802 2180 879 pro.-

106 894 389 993 posito
408 946 431 984 ,
478 892 671 993 quid
704 892 990 985 sandyx
1008 948 1033 984 ,
1074 908 1155 966 et
1178 892 1401 992 quale
1447 882 1672 993 vestis
1709 918 1950 994 genus
1989 898 2182 990 anti·

105 1012 305 1107 quis
344 1009 581 1101 Lydis
622 1008 855 1084 fuerit
870 1066 889 1101 ‚
942 1032 1321 1109 exponere-
1346 1011 1700 1087 conabor.
1746 1015 1952 1087 Auro
1995 1012 2182 1086 olim

110 1126 613 1201 abundantes
658 1128 889 1220 Lydi,
942 1127 1153 1227 quod
1191 1128 1532 1203 Pactolus
1575 1132 1666 1203 iis
1711 1134 2188 1230 Hermusque

110 1242 575 1345 praebebant
599 1298 623 1336 ‚
650 1248 945 1321 tunicas
978 1246 1161 1323 adeo
1188 1249 1439 1321 aureis
1462 1246 1920 1321 staminibus
1941 1262 2186 1319 texere

112 1359 606 1435 studuerint
634 1362 879 1461 (quod
908 1376 1221 1437 testatur
1244 1361 1598 1437 Pisander
1619 1417 1641 1453 ,
1667 1362 1926 1435 dicens
1949 1390 1968 1435 τ
1995 1362 2186 1454 Lydi

118 1500 407 1551 aureas
454 1480 751 1553 tunicas
806 1486 1249 1577 gerentes);
1296 1504 1550 1579 neque
1581 1478 1776 1553 illas
1825 1494 2126 1552 tantum
2165 1534 2186 1571 ,

116 1616 410 1669 verum
434 1596 661 1669 etiam
682 1650 707 1686 ‚
749 1596 1107 1688 sandyces
1128 1620 1323 1698 quos
1345 1612 1620 1671 vocant
1647 1598 1677 1695 (
1689 1612 1904 1669 erant
1931 1612 2184 1669 autem

122 1716 418 1787 tunicae
476 1713 573 1789 ab
634 1714 729 1787 iis
780 1716 1100 1789 inventae
1134 1769 1156 1805 ,
1224 1714 1602 1789 linearum
1655 1714 2184 1802 lucidissimae3

124 1854 331 1928 quas
370 1854 593 1908 succo
630 1830 975 1931 sandycis
1014 1832 1287 1932 plantae
1321 1831 1720 1932 tingebant
1765 1860 1783 1902 :
1831 1852 2189 1903 carnosus

120 1962 398 2019 autem
456 1946 756 2047 plautae
809 1948 1087 2047 color)
1142 1978 1157 2020 ε
1213 1948 1496 2047 quibus
1531 1938 1862 2021 ‘nudum
1913 1970 2190 2045 corpus
2229 1934 2237 1941 ⁸

128 2062 673 2137 inumbrantes
689 2062 1075 2161 Lydorum
1104 2063 1492 2154 mulieres,
1538 2084 1706 2135 aere
1741 2076 2040 2136 tantum
2073 2063 2186 2133 im

125 2178 349 2252 dutae
394 2177 885 2270 videbantur,
944 2178 1341 2279 formaque
1364 2232 1387 2268 ,
1450 2180 1716 2253 decore
1771 2194 1846 2251 et
1893 2177 2188 2275 pudore

130 2296 455 2369 remotis
476 2350 497 2385 ,
550 2298 933 2371 intuentes
961 2296 1413 2369 alliciebant.
1448 2286 1609 2369 Tali
1639 2293 2036 2367 Herculem
2067 2308 2190 2366 tu-

136 2415 318 2487 nica
365 2410 737 2511 Omphale
776 2412 963 2496 olim
1008 2412 1546 2503 circumdedit,
1587 2434 1834 2512 quum
1863 2412 2193 2509 turpiter

70 2609 75 2617 ,
136 2544 529 2603 amantem
580 2529 1065 2605 effeminavit.
1116 2532 1313 2603 Hinc
1352 2544 1433 2603 et
1478 2530 1782 2602 Saudon
1837 2527 2192 2607 Hercules

138 2649 400 2721 dictus
432 2663 542 2721 est
562 2694 587 2739 5
640 2664 727 2721 ut
756 2648 1125 2751 Apuleius
1144 2702 1169 2740 ‚
1220 2652 1608 2721 Romanus
1635 2645 2138 2745 philosophus
2165 2699 2188 2734 ‚

144 2766 227 2837 in
270 2763 473 2837 libro
502 2767 641 2863 qui
672 2767 1125 2839 amatorium
1166 2763 1610 2837 inscribitur
1628 2814 1650 2851 ‚
1705 2776 1780 2833 et
1805 2776 1980 2833 ante
2009 2780 2189 2832 eum

144 2881 641 2981 Tranquillus
688 2883 769 2955 in
804 2904 1029 2980 opere
1062 2881 1159 2955 de
1194 2878 1622 2979 insignibus
1667 2876 2190 2953 meretricibus

148 2999 437 3073 retulit.
489 2997 675 3071 Inde
716 2998 1063 3071 existimo
1116 2998 1485 3071 saudonas
1516 2998 1938 3069 etiamnum
1977 2996 2187 3093 igno·

150 3118 409 3191 miniae
441 3137 670 3194 causa
690 3115 857 3199 ‚diei
881 3172 903 3206 ,
958 3138 1156 3215 quos
1180 3112 1598 3213 vulgus-ab·
1634 3112 1900 3185 habitu
1935 3110 2187 3185 sindo·

154 3257 349 3306 num
390 3232 807 3324 sandonas,
862 3234 1077 3331 quasi
1120 3228 1475 3304 sindonas
1502 3280 1528 3321 ,
1587 3226 1948 3327 adpellari
1993 3224 2188 3299 arbi.-

152 3362 419 3423 tratur.
444 3354 609 3423 Haec
636 3350 851 3447 quasi
884 3352 966 3423 in
1002 3347 1481 3448 digressione.

254 3464 377 3539 65.
432 3472 585 3565 Ego
604 3492 783 3540 vero
806 3468 901 3539 ad
925 3466 1437 3566 Cappadocem
1465 3460 1708 3535 redeo.
1728 3461 1974 3550 Quem
2001 3386 2188 3532 dum

159 3584 301 3658 alia
336 3600 621 3675 scorta,
670 3584 921 3675 nuda,
966 3599 1057 3657 ut
1088 3582 1543 3655 videbantur
1567 3632 1590 3669 ‚
1637 3574 2006 3664 ferebant,
2047 3572 2190 3645 alia

160 3702 489 3774 eundem
536 3699 811 3774 osculis
846 3699 1381 3773 enervantibus
1400 3752 1423 3786 ‚
1470 3695 1565 3768 ad
1609 3696 1890 3767 coitum
1921 3691 2190 3795 ⁸statim

164 3819 603 3917 cogentibus
624 3873 645 3905 ‚
682 3816 1206 3918 pelliciebant:
1244 3817 1401 3915 ipse
1420 3826 1674 3885 autem
1721 3822 2070 3882 extensus
2097 3804 2192 3877 de

166 3937 525 4047 porrectis
556 3934 889 4010 obsoniis
926 3934 1383 4038 potibusque
1421 3928 1516 4003 ab
1551 3926 1712 4002 aliis
1755 3922 2058 4003 cinaedis
2079 3946 2192 3997 ac-
