3050 5017
865 461 920 559 ij
1501 479 2288 533 connumeramus

865 640 1168 707 textum
1217 626 1453 727 hujus
1515 628 1771 727 operis
1828 653 2061 727 quam
2112 626 2689 727 diligentissime
2750 658 2905 711 cor·

860 764 1140 862 rigeret
1175 820 1197 858 ,
1259 762 1686 859 Latinaque
1744 761 2370 859 interpretatione
2424 762 2839 845 illustraret
2886 795 2903 843 ε

851 906 1292 997 pergratum
1333 892 1532 973 mihi
1564 890 1841 969 accidit
1866 948 1889 989 ,
1944 903 2032 968 ut
2084 920 2187 970 ex
2234 920 2403 971 mea
2442 922 2755 996 quoque
2808 900 2902 977 fa-

859 1028 1138 1105 cultate
1182 1024 1475 1125 aliquid
1528 1024 1617 1099 in
1666 1024 1837 1105 hoc.
1872 1052 2067 1125 opus
2128 1026 2475 1103 conferre
2502 1086 2524 1125 ,
2588 1056 2903 1109 nomen·

854 1192 1012 1266 que.
1054 1190 1314 1243 meum
1356 1174 1510 1259 tam
1556 1162 1925 1241 laudabili
1958 1165 2267 1263 incepto
2302 1168 2679 1243 ascribere
2730 1196 2901 1270 pos-

853 1326 1036 1375 sem.
1083 1298 1390 1373 Electus
1432 1296 1641 1369 enim
1686 1322 1733 1369 a
1768 1292 2069 1371 Codicis
2108 1296 2427 1375 domino
2474 1327 2599 1375 eas
2642 1316 2891 1400 partes

851 1433 1185 1534 suscepi,
1225 1444 1310 1507 ut
1339 1429 1739 1531 praefarer,
1774 1456 1947 1529 quse
1974 1432 2291 1508 lectores
2332 1436 2525 1511 scire
2560 1439 2899 1515 maxime

848 1570 1186 1649 referret.
1239 1568 1498 1661 Quare
1534 1592 1707 1664 quae
1738 1568 1825 1645 in
1848 1552 2215 1647 -mentem¹
2252 1572 2664 1650 veniebant
2716 1601 2897 1653 cum

845 1706 1133 1782 librum
1161 1704 1672 1806 perlegissem,
1728 1729 1815 1778 ea
1844 1706 2073 1805 script
2084 1730 2218 1779 ura
2244 1708 2641 1806 persequi,
2698 1723 2779 1786 et
2804 1714 2893 1787 in

845 1846 1193 1946 quinque
1234 1856 1479 1944 partes
1523 1842 1927 1943 dispertire
1960 1846 2183 1943 coepi.
2222 1846 2523 1923 Harum
2558 1851 2887 1949 primam

842 1978 1084 2053 tribui
1133 1976 1476 2053 historiae
1519 1976 1855 2056 auctoris
1903 2004 1920 2051 :
1970 1976 2381 2057 secundam
2434 1978 2609 2055 fatis
2660 1986 2885 2083 scrip-

843 2127 1101 2191 torum
1133 2111 1386 2214 Lydi,
1438 2110 1695 2187 medio
1728 2138 1900 2189 aevo
1925 2139 1944 2186 ε
1973 2114 2271 2189 tertiam
2294 2170 2317 2210 ‚
2350 2114 2669 2192 elencho
2696 2116 2883 2220 frag-

839 2262 1278 2325 mentorum
1341 2248 1542 2345 ejus,
1598 2246 1880 2345 passim
1936 2248 2027 2321 in
2062 2247 2549 2324 bibliothecis
2608 2263 2879 2329 extan-

839 2386 1060 2459 tium.
1109 2384 1212 2458 In
1247 2396 1514 2480 quarta
1562 2380 1733 2457 dixi
1777 2384 1914 2481 qui
1964 2383 2363 2482 quippiam
2412 2388 2577 2487 ejus
2626 2386 2877 2464 edide-
3016 2456 3018 2485 Ι

838 2518 1045 2608 rint,
1073 2516 1202 2592 vel
1241 2517 1719 2592 instituerint
1744 2515 2009 2592 edere:
2047 2518 2129 2593 in
2178 2520 2493 2617 quinta,
2538 2547 2699 2621 quo
2750 2524 2879 2599 in-

837 2665 1138 2752 sperato
1173 2676 1350 2733 casu
1391 2676 1625 2751 opera
1666 2653 1827 2749 ejus
1861 2653 1949 2731 in
1974 2654 2269 2729 Graecia
2297 2680 2547 2753 nuper
2576 2668 2876 2756 nepem

835 2788 1036 2883 sint,
1102 2788 1340 2885 inque
1387 2786 1647 2869 Gallia
1672 2812 1885 2868 nuno
1922 2788 2228 2887 vulgari
2260 2802 2531 2888 coepta,
2560 2790 2635 2869 A
2663 2794 2875 2893 Lydi

834 2922 1002 2999 vita
1037 2921 1274 3020 igitur
1299 2976 1324 3017 ,
1355 2932 1446 2995 ut
1483 2922 1981 3021 praepositum
2008 2932 2124 3000 est
2151 2978 2171 3016 ,
2218 2921 2477 3001 ordiar
2508 2949 2526 2995 ε
2556 2912 2624 3003 si
2652 2926 2871 3024 prius

831 3070 1088 3137 tamen
1119 3057 1438 3135 lectores
1463 3082 1791 3135 oravero
1812 3114 1835 3154 ,
1884 3070 1973 3139 ut
1999 3058 2386 3157 patiantur
2412 3084 2576 3137 non
2609 3059 2867 3142 sol-um

831 3196 1407 3296 magistratuum
1445 3193 2054 3295 dignitatumque
2088 3220 2296 3274 nova
2326 3196 2647 3277 nomina
2663 3252 2687 3294 ,
2732 3199 2871 3277 sed

830 3338 1214 3416 vocabula
1284 3337 1514 3414 etiam
1566 3334 1903 3413 cadentis
1973 3336 2389 3435 jacentisve
2444 3335 2867 3419 ‘latinitatis

829 3472 1152 3572 (quibus
1182 3498 1394 3550 nunc
1435 3469 1613 3547 ideo
1635 3471 1969 3565 utimur,
2000 3468 2211 3570 quod
2242 3470 2341 3551 iis
2366 3471 2675 3555 nullum
2704 3472 2869 3553 fere

825 3608 1036 3708 apud
1071 3609 1426 3707 probatos
1473 3617 1819 3686 auctores
1878 3632 2201 3709 prorsus
2262 3607 2765 3707 respondeat)
2814 3636 2865 3689 a

825 3768 952 3822 me
985 3766 1333 3843 quoque,
1369 3768 1466 3817 ne
1501 3743 1635 3817 cui
1664 3740 1930 3819 videar
1974 3742 2063 3821 in
2087 3741 2348 3821 verbis
2396 3766 2555 3820 esse
2602 3746 2861 3821 cusio-

823 3880 982 3957 sior
1001 3938 1022 3975 ,
1054 3880 1188 3957 hic
1229 3876 1603 3957 duntaxat
1628 3936 1650 3974 ,
1700 3879 1839 3954 ubi
1866 3877 2069 3955 nihil
2105 3879 2431 3978 periculi
2476 3888 2591 3955 est
2614 3934 2637 3975 ,
2696 3893 2863 3959 tan-

823 4040 1060 4119 quam
1089 4018 1400 4118 propria
1423 4030 1502 4093 et
1538 4017 1811 4095 usitata
1844 4016 2225 4117 usurpari.
