3050 5017
440 445 1007 534 antrunmc'mz
1056 479 1447 530 nomiman
1497 481 1660 530 mn.
1713 481 1834 534 111.
2009 479 2146 554 ²27

102 603 221 661 est
273 593 732 692 imperator,
772 594 985 667 omni
1022 592 1534 692 magistratum
1573 605 1932 690 potestate
1984 615 2158 689 spo-

100 705 461 784 liantem.
518 717 703 786 Nam
758 713 895 812 qui
946 735 1194 810 nuper
1245 725 1319 782 et
1365 709 1648 782 tributa
1704 709 2041 799 levandi,
2079 724 2154 780 et

108 824 421 898 victum
455 843 530 901 et
553 828 849 902 lumina
880 843 955 900 et
989 825 1403 926 spectacula
1438 849 1910 925 operumque
1937 819 2158 897 refec-

115 945 381 1016 tiones
397 943 825 1020 civitatibus
835 943 1293 1019 concedendi
1307 957 1744 1042 potestatem
1761 942 2166 1035 habuisset,

116 1084 280 1130 non
328 1060 607 1134 habuit
654 1061 962 1151 deinde,
1015 1086 1263 1160 neque
1304 1079 1484 1133 ausa
1533 1075 1641 1132 est
1690 1061 1806 1133 vel
1843 1087 2162 1159 parvum

110 1173 515 1272 quoddam
576 1177 925 1252 solatium
986 1177 1079 1250 de
1147 1175 1473 1276 publicis
1537 1179 1891 1276 cuiquam
1964 1178 2165 1250 dare.

115 1295 399 1365 Noster
429 1319 607 1367 vero
646 1293 1180 1369 Demosthenes
1201 1349 1222 1384 ,
1271 1285 1410 1394 qui
1464 1307 1539 1366 et
1590 1295 1748 1394 ipse
1779 1291 2168 1392 praefectus

121 1412 489 1504 praetorio
525 1427 717 1503 erat,
754 1426 843 1484 ut
893 1438 989 1485 ne
1032 1427 1201 1511 post
1243 1413 1656 1508 jussionem
1699 1412 2170 1510 imperatoris

124 1524 451 1621 quidem
476 1581 496 1615 ‚
514 1527 676 1598 sine
705 1525 939 1601 literis
958 1526 1430 1626 praefectura,
1457 1528 1690 1610 nisisi
1717 1531 2170 1626 pragmatica

126 1641 241 1713 lex
279 1641 610 1716 dedisset
629 1697 649 1734 ,
688 1644 1066 1718 licentiam
1102 1644 1408 1719 haberet
1442 1643 1733 1717 civibus
1768 1644 2172 1744 largiendi,

127 1756 422 1850 effecit,
459 1787 613 1849 non
649 1763 810 1860 ipse
838 1777 1134 1834 tantum
1161 1817 1181 1849 ‚
1214 1787 1311 1833 ne
1337 1761 1628 1834 civibus
1647 1759 1842 1834 bene
1864 1759 2172 1852 faceret,

128 1899 407 1948 cavens
426 1929 446 1966 ,
478 1887 763 1951 verum·
790 1877 973 1951 alios
1022 1903 1331 1978 quoque
1364 1880 1447 1950 in
1494 1893 1880 1978 posterum
1930 1879 2169 1976 impe·-

129 1992 377 2064 diens.
461 1995 627 2091 Ipsa
697 2009 949 2066 autem
1030 1995 1341 2066 urbium
1419 1993 1933 2066 moderatione
2011 1996 2170 2090 jam

130 2108 489 2206 adempta
519 2109 1018 2208 magistratui,
1062 2111 1413 2209 deinceps
1450 2134 1588 2208 per
1623 2109 1890 2182 electos
1922 2133 2169 2182 causa·

132 2249 309 2296 rum
350 2237 637 2297 actores
667 2225 1035 2298 elew'watum
1067 2242 1174 2300 est
1200 2226 1576 2324 judicium
1605 2281 1625 2317 ‚
1656 2240 1916 2298 contra
1961 2223 2172 2322 quod

136 2337 507 2412 omnibus
547 2342 792 2422 modis
824 2343 1322 2441 prohibitum.
1370 2347 1615 2440 Atque
1663 2342 1740 2414 id
1793 2340 1910 2439 leg
1987 2354 2171 2414 tem·

138 2471 486 2554 peratum
538 2472 648 2530 est
695 2487 710 2529 :
750 2485 1000 2559 neque
1048 2462 1254 2531 enim
1292 2459 1658 2530 sustinuit
1701 2459 1905 2556 impe
1991 2457 2173 2528 toris

142 2573 690 2666 mansuetudo,
742 2574 1216 2674 litigantibus
1268 2599 1475 2675 spem
1525 2573 1621 2646 ab
1673 2573 2170 2672 adpellatione

146 2690 603 2764 imminuere
629 2747 651 2782 ,
707 2717 937 2792 quam
973 2693 1457 2792 praevidentes
1485 2691 1776 2787 judices
1800 2744 1822 2779 ,
1885 2693 2171 2790 integre

141 2803 449 2881 fortasse
472 2833 589 2881 res
616 2809 1145 2883 intuebuntur.
1174 2815 1338 2882 Haec
1364 2807 1457 2881 de
1492 2807 1926 2904 magistratu
1954 2806 2170 2879 colla·
2251 2888 2264 2905 ο

144 2947 493 3014 erymans
524 2949 1054 2998 commemoro,

240 3039 359 3127 43.
418 3040 625 3113 Nihil
650 3055 903 3113 autem
940 3039 1332 3140 impediet,
1361 3041 1780 3138 quominus
1803 3035 2168 3137 paulatim

146 3177 541 3255 progressae
559 3158 1119 3230 imminutionis
1130 3157 1345 3255 quasi
1364 3157 1766 3253 imaginem
1780 3154 2170 3253 ‘quandam

147 3275 655 3370 exprimamus
687 3301 702 3344 z
738 3297 877 3346 nec
908 3275 1113 3356 enim
1135 3272 1748 3350 imminutionem
1780 3270 2174 3369 perspicue

150 3387 557 3462 ostenderit
575 3443 597 3479 ,
640 3391 789 3462 nisi
824 3392 961 3490 qui
995 3391 1210 3490 prius
1235 3444 1256 3479 ,
1296 3414 1463 3488 quae
1506 3384 1688 3461 olim
1727 3385 1972 3476 fuere,
2005 3411 2171 3486 pos-

154 3517 417 3603 teaque
428 3519 677 3603 erepta
686 3521 892 3596 sunt,
905 3506 1473 3578 enumeraverit.
1488 3509 1658 3578 Post
1670 3501 2168 3578 Theodosium

158 3620 383 3716 igitur
394 3617 999 3722 prudentemque
1011 3625 1471 3696 Marcianum
1492 3637 1790 3695 secutus
1804 3625 1977 3708 Le0,
1991 3640 2169 3690 cum

153 3733 446 3810 divitias
473 3793 494 3828 ,
551 3739 767 3837 queis
818 3737 1107 3822 Attalus
1126 3792 1147 3828 ,
1202 3737 1406 3810 orbis
1464 3753 1830 3808 terrarum
1891 3733 2122 3806 hostis
2147 3787 2168 3822 ,

156 3856 531 3947 potiturus
577 3869 733 3926 erat
782 3861 1041 3944 (erant
1080 3868 1335 3926 autem
1374 3876 1602 3951 super
1647 3864 1952 3922 centum
1997 3849 2166 3936 auri

156 3965 515 4049 librarum
562 3971 885 4072 millia),
928 3971 1375 4061 invenisset3
1436 3969 1768 4072 potentia
1813 3963 2164 4055 inflatus,
