<?xml version="1.0" encoding="UTF-8"?>
<!DOCTYPE html PUBLIC "-//W3C//DTD XHTML 1.0 Transitional//EN"
    "http://www.w3.org/TR/xhtml1/DTD/xhtml1-transitional.dtd">
<html xmlns="http://www.w3.org/1999/xhtml" xml:lang="en" lang="en">
 <head>
  <title>
</title>
<meta http-equiv="Content-Type" content="text/html;charset=utf-8" />
  <meta name='ocr-system' content='tesseract 3.04.00' />
  <meta name='ocr-capabilities' content='ocr_page ocr_carea ocr_par ocr_line ocrx_word'/>
</head>
<body>
  <div class='ocr_page' id='page_1' title='image "./joannislaurenti00hasegoog_0247.png"; bbox 0 0 3050 5017; ppageno 0'>
   <div class='ocr_carea' id='block_1_1' title="bbox 522 444 2212 532">
    <p class='ocr_par' dir='ltr' id='par_1_1' title="bbox 522 444 2212 532">
     <span class='ocr_line' id='line_1_1' title="bbox 522 444 2212 532; baseline -0.001 -19"><span class='ocrx_word' id='word_1_1' title='bbox 522 464 1099 515; x_wconf 67' lang='lat' dir='ltr'><strong>nmrunmcu</strong></span> <span class='ocrx_word' id='word_1_2' title='bbox 1148 466 1558 520; x_wconf 65' lang='lat' dir='ltr'><strong>nonnul:</strong></span> <span class='ocrx_word' id='word_1_3' title='bbox 1607 468 1764 516; x_wconf 75' lang='lat' dir='ltr'><strong>mn.</strong></span> <span class='ocrx_word' id='word_1_4' title='bbox 1816 470 1908 517; x_wconf 78' lang='grc' dir='ltr'><strong>ιι.</strong></span> <span class='ocrx_word' id='word_1_5' title='bbox 2084 444 2212 532; x_wconf 75' lang='grc' dir='ltr'><strong>ιίμ</strong></span> 
     </span>
    </p>
   </div>
   <div class='ocr_carea' id='block_1_2' title="bbox 89 573 2236 1262">
    <p class='ocr_par' dir='ltr' id='par_1_2' title="bbox 89 573 2236 1262">
     <span class='ocr_line' id='line_1_2' title="bbox 89 573 2230 671; baseline 0.004 -31"><span class='ocrx_word' id='word_1_6' title='bbox 89 618 92 629; x_wconf 84' lang='grc'>-</span> <span class='ocrx_word' id='word_1_7' title='bbox 180 575 781 671; x_wconf 72' lang='lat' dir='ltr'><strong>communisque</strong></span> <span class='ocrx_word' id='word_1_8' title='bbox 816 590 926 647; x_wconf 90' lang='lat' dir='ltr'><strong>est</strong></span> <span class='ocrx_word' id='word_1_9' title='bbox 956 603 972 645; x_wconf 88' lang='lat'>:</span> <span class='ocrx_word' id='word_1_10' title='bbox 1004 598 1267 647; x_wconf 81' lang='lat' dir='ltr'><strong>verum</strong></span> <span class='ocrx_word' id='word_1_11' title='bbox 1288 630 1308 663; x_wconf 89' lang='lat'>‚</span> <span class='ocrx_word' id='word_1_12' title='bbox 1342 591 1431 647; x_wconf 91' lang='lat' dir='ltr'><strong>ut</strong></span> <span class='ocrx_word' id='word_1_13' title='bbox 1458 576 1658 665; x_wconf 78' lang='lat' dir='ltr'><strong>dixi,</strong></span> <span class='ocrx_word' id='word_1_14' title='bbox 1687 573 2230 663; x_wconf 66' lang='lat' dir='ltr'><strong>sollicitudines</strong></span> 
     </span>
     <span class='ocr_line' id='line_1_3' title="bbox 184 686 2232 792; baseline 0.003 -32"><span class='ocrx_word' id='word_1_15' title='bbox 184 686 405 761; x_wconf 81' lang='lat' dir='ltr'><strong>haud</strong></span> <span class='ocrx_word' id='word_1_16' title='bbox 426 714 689 787; x_wconf 88' lang='lat' dir='ltr'><strong>parvas</strong></span> <span class='ocrx_word' id='word_1_17' title='bbox 720 692 915 763; x_wconf 83' lang='lat' dir='ltr'><strong>mihi</strong></span> <span class='ocrx_word' id='word_1_18' title='bbox 943 694 1257 777; x_wconf 83' lang='lat' dir='ltr'>incutit,</span> <span class='ocrx_word' id='word_1_19' title='bbox 1296 692 1494 765; x_wconf 90' lang='lat' dir='ltr'><strong>nihil</strong></span> <span class='ocrx_word' id='word_1_20' title='bbox 1514 719 1780 768; x_wconf 90' lang='lat' dir='ltr'><strong>eorum</strong></span> <span class='ocrx_word' id='word_1_21' title='bbox 1803 748 1825 785; x_wconf 84' lang='lat'>‚</span> <span class='ocrx_word' id='word_1_22' title='bbox 1857 719 2022 792; x_wconf 83' lang='lat' dir='ltr'><strong>quae</strong></span> <span class='ocrx_word' id='word_1_23' title='bbox 2043 694 2232 767; x_wconf 80' lang='lat' dir='ltr'><strong>scire</strong></span> 
     </span>
     <span class='ocr_line' id='line_1_4' title="bbox 184 790 2236 911; baseline 0.004 -36"><span class='ocrx_word' id='word_1_24' title='bbox 184 804 454 877; x_wconf 80' lang='lat' dir='ltr'><strong>videar</strong></span> <span class='ocrx_word' id='word_1_25' title='bbox 480 860 501 895; x_wconf 90' lang='lat'><strong>,</strong></span> <span class='ocrx_word' id='word_1_26' title='bbox 550 810 1152 909; x_wconf 84' lang='lat' dir='ltr'><strong>investigandum</strong></span> <span class='ocrx_word' id='word_1_27' title='bbox 1206 836 1642 911; x_wconf 87' lang='lat' dir='ltr'><strong>proponens</strong></span> <span class='ocrx_word' id='word_1_28' title='bbox 1665 867 1686 900; x_wconf 84' lang='lat'>,</span> <span class='ocrx_word' id='word_1_29' title='bbox 1737 810 1866 885; x_wconf 86' lang='lat' dir='ltr'><strong>sed</strong></span> <span class='ocrx_word' id='word_1_30' title='bbox 1924 790 2236 909; x_wconf 79' lang='lat' dir='ltr'><strong>prorsus</strong></span> 
     </span>
     <span class='ocr_line' id='line_1_5' title="bbox 184 924 2230 1027; baseline 0 -34"><span class='ocrx_word' id='word_1_31' title='bbox 184 924 455 1019; x_wconf 82' lang='lat' dir='ltr'><strong>ignota</strong></span> <span class='ocrx_word' id='word_1_32' title='bbox 490 926 939 1023; x_wconf 88' lang='lat' dir='ltr'><strong>protrahens</strong></span> <span class='ocrx_word' id='word_1_33' title='bbox 968 954 985 998; x_wconf 90' lang='lat'>:</span> <span class='ocrx_word' id='word_1_34' title='bbox 1026 952 1260 1026; x_wconf 88' lang='lat' dir='ltr'><strong>quare</strong></span> <span class='ocrx_word' id='word_1_35' title='bbox 1294 952 1432 1027; x_wconf 88' lang='lat' dir='ltr'><strong>ego</strong></span> <span class='ocrx_word' id='word_1_36' title='bbox 1453 929 1800 1001; x_wconf 86' lang='lat' dir='ltr'><strong>omnium</strong></span> <span class='ocrx_word' id='word_1_37' title='bbox 1833 928 2230 1001; x_wconf 61' lang='lat' dir='ltr'><strong>vehemen„</strong></span> 
     </span>
     <span class='ocr_line' id='line_1_6' title="bbox 188 1038 2234 1143; baseline 0.006 -34"><span class='ocrx_word' id='word_1_38' title='bbox 188 1042 701 1113; x_wconf 86' lang='lat' dir='ltr'><strong>mentissimas</strong></span> <span class='ocrx_word' id='word_1_39' title='bbox 719 1067 974 1141; x_wconf 86' lang='lat' dir='ltr'><strong>preces</strong></span> <span class='ocrx_word' id='word_1_40' title='bbox 1000 1038 1358 1135; x_wconf 80' lang='lat' dir='ltr'><strong>meditor,</strong></span> <span class='ocrx_word' id='word_1_41' title='bbox 1384 1070 1481 1118; x_wconf 92' lang='lat' dir='ltr'><strong>ne</strong></span> <span class='ocrx_word' id='word_1_42' title='bbox 1506 1068 1736 1143; x_wconf 86' lang='lat' dir='ltr'><strong>quam</strong></span> <span class='ocrx_word' id='word_1_43' title='bbox 1768 1046 2234 1143; x_wconf 83' lang='lat' dir='ltr'><strong>inexpertam</strong></span> 
     </span>
     <span class='ocr_line' id='line_1_7' title="bbox 196 1156 1708 1262; baseline 0.003 -34"><span class='ocrx_word' id='word_1_44' title='bbox 196 1156 433 1251; x_wconf 84' lang='lat' dir='ltr'><strong>mihi,</strong></span> <span class='ocrx_word' id='word_1_45' title='bbox 470 1174 559 1231; x_wconf 92' lang='lat' dir='ltr'><strong>ut</strong></span> <span class='ocrx_word' id='word_1_46' title='bbox 588 1158 809 1251; x_wconf 88' lang='lat' dir='ltr'><strong>solet,</strong></span> <span class='ocrx_word' id='word_1_47' title='bbox 842 1164 1329 1261; x_wconf 69' lang='lat' dir='ltr'><strong>quaestionem</strong></span> <span class='ocrx_word' id='word_1_48' title='bbox 1358 1160 1708 1262; x_wconf 82' lang='lat' dir='ltr'><strong>proferat.</strong></span> 
     </span>
    </p>
   </div>
   <div class='ocr_carea' id='block_1_3' title="bbox 196 1420 2234 1603">
    <p class='ocr_par' dir='ltr' id='par_1_3' title="bbox 196 1420 2234 1603">
     <span class='ocr_line' id='line_1_8' title="bbox 196 1420 2234 1493; baseline 0.003 -24"><span class='ocrx_word' id='word_1_49' title='bbox 196 1421 293 1469; x_wconf 73' lang='lat' dir='ltr'><strong>nn</strong></span> <span class='ocrx_word' id='word_1_50' title='bbox 324 1420 731 1472; x_wconf 70' lang='lat' dir='ltr'><strong>rnmssc‘ro</strong></span> <span class='ocrx_word' id='word_1_51' title='bbox 762 1422 1109 1473; x_wconf 67' lang='lat' dir='ltr'><strong>sen-nus</strong></span> <span class='ocrx_word' id='word_1_52' title='bbox 1122 1454 1143 1489; x_wconf 87' lang='lat'>‚</span> <span class='ocrx_word' id='word_1_53' title='bbox 1168 1426 1259 1473; x_wconf 65' lang='lat' dir='ltr'><strong>m!</strong></span> <span class='ocrx_word' id='word_1_54' title='bbox 1280 1423 1691 1475; x_wconf 71' lang='lat' dir='ltr'><strong>sus-nmmo</strong></span> <span class='ocrx_word' id='word_1_55' title='bbox 1715 1424 2083 1475; x_wconf 75' lang='lat' dir='ltr'><strong>rmronn</strong></span> <span class='ocrx_word' id='word_1_56' title='bbox 2097 1456 2118 1493; x_wconf 88' lang='lat'>‚</span> <span class='ocrx_word' id='word_1_57' title='bbox 2147 1427 2234 1475; x_wconf 70' lang='lat' dir='ltr'><strong>Er</strong></span> 
     </span>
     <span class='ocr_line' id='line_1_9' title="bbox 940 1544 1528 1603; baseline 0 -12"><span class='ocrx_word' id='word_1_58' title='bbox 940 1544 1035 1591; x_wconf 82' lang='lat' dir='ltr'><strong>m:</strong></span> <span class='ocrx_word' id='word_1_59' title='bbox 1069 1544 1528 1603; x_wconf 74' lang='lat' dir='ltr'><strong>QUAEsrroRE.</strong></span> 
     </span>
    </p>
   </div>
   <div class='ocr_carea' id='block_1_4' title="bbox 200 1756 2252 4089">
    <p class='ocr_par' dir='ltr' id='par_1_4' title="bbox 200 1756 2252 3702">
     <span class='ocr_line' id='line_1_10' title="bbox 310 1756 2234 1858; baseline 0.006 -33"><span class='ocrx_word' id='word_1_60' title='bbox 310 1780 431 1853; x_wconf 75' lang='lat'><strong>²7·</strong></span> <span class='ocrx_word' id='word_1_61' title='bbox 488 1760 627 1829; x_wconf 90' lang='lat' dir='ltr'><strong>Tot</strong></span> <span class='ocrx_word' id='word_1_62' title='bbox 666 1760 1178 1857; x_wconf 77' lang='lat' dir='ltr'><strong>magistratus,</strong></span> <span class='ocrx_word' id='word_1_63' title='bbox 1222 1763 1471 1830; x_wconf 83' lang='lat' dir='ltr'><strong>Romae</strong></span> <span class='ocrx_word' id='word_1_64' title='bbox 1524 1756 1687 1858; x_wconf 86' lang='lat' dir='ltr'><strong>lege</strong></span> <span class='ocrx_word' id='word_1_65' title='bbox 1733 1762 2181 1835; x_wconf 89' lang='lat' dir='ltr'><strong>constitutos</strong></span> <span class='ocrx_word' id='word_1_66' title='bbox 2209 1816 2234 1853; x_wconf 89' lang='lat'>,</span> 
     </span>
     <span class='ocr_line' id='line_1_11' title="bbox 200 1870 2234 1973; baseline 0.004 -30"><span class='ocrx_word' id='word_1_67' title='bbox 200 1870 559 1961; x_wconf 84' lang='lat' dir='ltr'><strong>historia,</strong></span> <span class='ocrx_word' id='word_1_68' title='bbox 599 1873 695 1946; x_wconf 88' lang='lat' dir='ltr'><strong>ab</strong></span> <span class='ocrx_word' id='word_1_69' title='bbox 740 1872 1222 1947; x_wconf 86' lang='lat' dir='ltr'><strong>incunabulis</strong></span> <span class='ocrx_word' id='word_1_70' title='bbox 1258 1872 1691 1973; x_wconf 68' lang='lat' dir='ltr'><strong>reipublicae</strong></span> <span class='ocrx_word' id='word_1_71' title='bbox 1740 1870 2088 1953; x_wconf 83' lang='lat' dir='ltr'><strong>Romanae</strong></span> <span class='ocrx_word' id='word_1_72' title='bbox 2137 1878 2234 1951; x_wconf 87' lang='lat' dir='ltr'><strong>ad</strong></span> 
     </span>
     <span class='ocr_line' id='line_1_12' title="bbox 200 1992 2241 2091; baseline 0.003 -31"><span class='ocrx_word' id='word_1_73' title='bbox 200 1992 569 2063; x_wconf 88' lang='lat' dir='ltr'><strong>Anastasii</strong></span> <span class='ocrx_word' id='word_1_74' title='bbox 598 1992 1068 2091; x_wconf 88' lang='lat' dir='ltr'><strong>imperatoris</strong></span> <span class='ocrx_word' id='word_1_75' title='bbox 1093 1992 1391 2065; x_wconf 89' lang='lat' dir='ltr'><strong>obitum</strong></span> <span class='ocrx_word' id='word_1_76' title='bbox 1410 2048 1430 2081; x_wconf 93' lang='lat'>,</span> <span class='ocrx_word' id='word_1_77' title='bbox 1456 1994 1536 2063; x_wconf 92' lang='lat' dir='ltr'><strong>in</strong></span> <span class='ocrx_word' id='word_1_78' title='bbox 1565 1993 2002 2066; x_wconf 86' lang='lat' dir='ltr'><strong>universum</strong></span> <span class='ocrx_word' id='word_1_79' title='bbox 2037 2021 2241 2069; x_wconf 82' lang='lat' dir='ltr'><strong>com·</strong></span> 
     </span>
     <span class='ocr_line' id='line_1_13' title="bbox 202 2108 2240 2207; baseline -0.002 -26"><span class='ocrx_word' id='word_1_80' title='bbox 202 2122 592 2181; x_wconf 86' lang='lat' dir='ltr'><strong>memorat.</strong></span> <span class='ocrx_word' id='word_1_81' title='bbox 624 2112 809 2181; x_wconf 85' lang='lat' dir='ltr'><strong>Nam</strong></span> <span class='ocrx_word' id='word_1_82' title='bbox 848 2110 1197 2180; x_wconf 84' lang='lat' dir='ltr'><strong>comitem</strong></span> <span class='ocrx_word' id='word_1_83' title='bbox 1240 2108 1728 2206; x_wconf 82' lang='lat' dir='ltr'><strong>largitionum</strong></span> <span class='ocrx_word' id='word_1_84' title='bbox 1761 2110 1900 2207; x_wconf 92' lang='lat' dir='ltr'><strong>(ut</strong></span> <span class='ocrx_word' id='word_1_85' title='bbox 1935 2110 2100 2182; x_wconf 84' lang='lat' dir='ltr'><strong>Itali</strong></span> <span class='ocrx_word' id='word_1_86' title='bbox 2127 2112 2240 2193; x_wconf 66' lang='lat' dir='ltr'><strong>di,</strong></span> 
     </span>
     <span class='ocr_line' id='line_1_14' title="bbox 202 2224 2238 2325; baseline 0 -26"><span class='ocrx_word' id='word_1_87' title='bbox 202 2237 433 2313; x_wconf 86' lang='lat' dir='ltr'><strong>cunt,</strong></span> <span class='ocrx_word' id='word_1_88' title='bbox 462 2224 543 2299; x_wconf 90' lang='lat' dir='ltr'><strong>id</strong></span> <span class='ocrx_word' id='word_1_89' title='bbox 587 2240 735 2316; x_wconf 83' lang='lat' dir='ltr'><strong>est,</strong></span> <span class='ocrx_word' id='word_1_90' title='bbox 786 2226 1155 2301; x_wconf 77' lang='lat' dir='ltr'><strong>thesauris</strong></span> <span class='ocrx_word' id='word_1_91' title='bbox 1211 2226 1511 2323; x_wconf 88' lang='lat' dir='ltr'><strong>imperii</strong></span> <span class='ocrx_word' id='word_1_92' title='bbox 1571 2226 2112 2325; x_wconf 80' lang='lat' dir='ltr'><strong>praepositum)</strong></span> <span class='ocrx_word' id='word_1_93' title='bbox 2159 2240 2238 2301; x_wconf 82' lang='lat' dir='ltr'><strong>et</strong></span> 
     </span>
     <span class='ocr_line' id='line_1_15' title="bbox 204 2340 2240 2441; baseline 0.002 -30"><span class='ocrx_word' id='word_1_94' title='bbox 204 2342 561 2413; x_wconf 88' lang='lat' dir='ltr'><strong>comitem</strong></span> <span class='ocrx_word' id='word_1_95' title='bbox 611 2344 1073 2441; x_wconf 86' lang='lat' dir='ltr'><strong>privatarum</strong></span> <span class='ocrx_word' id='word_1_96' title='bbox 1132 2340 1261 2435; x_wconf 89' lang='lat' dir='ltr'><strong>(id</strong></span> <span class='ocrx_word' id='word_1_97' title='bbox 1316 2356 1425 2413; x_wconf 89' lang='lat' dir='ltr'><strong>est</strong></span> <span class='ocrx_word' id='word_1_98' title='bbox 1444 2394 1466 2431; x_wconf 84' lang='lat'>‚</span> <span class='ocrx_word' id='word_1_99' title='bbox 1501 2341 2002 2439; x_wconf 82' lang='lat' dir='ltr'><strong>peculiarium</strong></span> <span class='ocrx_word' id='word_1_100' title='bbox 2049 2366 2240 2441; x_wconf 87' lang='lat' dir='ltr'><strong>quo-</strong></span> 
     </span>
     <span class='ocr_line' id='line_1_16' title="bbox 204 2454 2245 2557; baseline -0.004 -24"><span class='ocrx_word' id='word_1_101' title='bbox 204 2456 616 2533; x_wconf 86' lang='lat' dir='ltr'><strong>dammodo</strong></span> <span class='ocrx_word' id='word_1_102' title='bbox 640 2459 1107 2557; x_wconf 87' lang='lat' dir='ltr'><strong>imperatoris</strong></span> <span class='ocrx_word' id='word_1_103' title='bbox 1122 2454 1475 2535; x_wconf 87' lang='lat' dir='ltr'><strong>facultatu</strong></span> <span class='ocrx_word' id='word_1_104' title='bbox 1486 2482 1562 2529; x_wconf 90' lang='lat' dir='ltr'><strong>m</strong></span> <span class='ocrx_word' id='word_1_105' title='bbox 1577 2456 1608 2555; x_wconf 88' lang='lat'><em>)</em></span> <span class='ocrx_word' id='word_1_106' title='bbox 1627 2482 2026 2557; x_wconf 85' lang='lat' dir='ltr'><strong>nunquam</strong></span> <span class='ocrx_word' id='word_1_107' title='bbox 2045 2512 2066 2545; x_wconf 90' lang='lat'>,</span> <span class='ocrx_word' id='word_1_108' title='bbox 2083 2460 2245 2557; x_wconf 60' lang='lat' dir='ltr'><strong>opi÷</strong></span> 
     </span>
     <span class='ocr_line' id='line_1_17' title="bbox 204 2564 2242 2674; baseline 0 -27"><span class='ocrx_word' id='word_1_109' title='bbox 204 2600 357 2647; x_wconf 88' lang='lat' dir='ltr'><strong>nor</strong></span> <span class='ocrx_word' id='word_1_110' title='bbox 372 2630 394 2664; x_wconf 88' lang='lat'>‚</span> <span class='ocrx_word' id='word_1_111' title='bbox 416 2576 972 2673; x_wconf 84' lang='lat' dir='ltr'><strong>magistratibus</strong></span> <span class='ocrx_word' id='word_1_112' title='bbox 989 2564 1299 2674; x_wconf 88' lang='lat' dir='ltr'><strong>aliquis,</strong></span> <span class='ocrx_word' id='word_1_113' title='bbox 1324 2572 1453 2647; x_wconf 86' lang='lat' dir='ltr'><strong>sed</strong></span> <span class='ocrx_word' id='word_1_114' title='bbox 1477 2574 1844 2647; x_wconf 78' lang='lat' dir='ltr'><strong>ministris</strong></span> <span class='ocrx_word' id='word_1_115' title='bbox 1873 2574 2242 2649; x_wconf 88' lang='lat' dir='ltr'><strong>adnume-</strong></span> 
     </span>
     <span class='ocr_line' id='line_1_18' title="bbox 208 2689 2242 2791; baseline -0 -27"><span class='ocrx_word' id='word_1_116' title='bbox 208 2692 450 2764; x_wconf 87' lang='lat' dir='ltr'><strong>rabit:</strong></span> <span class='ocrx_word' id='word_1_117' title='bbox 484 2716 733 2791; x_wconf 89' lang='lat' dir='ltr'><strong>neque</strong></span> <span class='ocrx_word' id='word_1_118' title='bbox 754 2694 961 2763; x_wconf 89' lang='lat' dir='ltr'><strong>enim</strong></span> <span class='ocrx_word' id='word_1_119' title='bbox 990 2691 1353 2764; x_wconf 86' lang='lat' dir='ltr'><strong>electione</strong></span> <span class='ocrx_word' id='word_1_120' title='bbox 1386 2689 1944 2788; x_wconf 85' lang='lat' dir='ltr'><strong>magistratibus</strong></span> <span class='ocrx_word' id='word_1_121' title='bbox 1976 2716 2242 2763; x_wconf 81' lang='lat' dir='ltr'><strong>conve·</strong></span> 
     </span>
     <span class='ocr_line' id='line_1_19' title="bbox 210 2805 2244 2907; baseline -0.002 -26"><span class='ocrx_word' id='word_1_122' title='bbox 210 2810 475 2900; x_wconf 76' lang='lat' dir='ltr'><strong>niente</strong></span> <span class='ocrx_word' id='word_1_123' title='bbox 506 2808 921 2907; x_wconf 85' lang='lat' dir='ltr'><strong>dignantur</strong></span> <span class='ocrx_word' id='word_1_124' title='bbox 944 2862 963 2898; x_wconf 91' lang='lat'>,</span> <span class='ocrx_word' id='word_1_125' title='bbox 998 2808 1153 2881; x_wconf 77' lang='lat' dir='ltr'><strong>sed.</strong></span> <span class='ocrx_word' id='word_1_126' title='bbox 1161 2820 1393 2906; x_wconf 90' lang='lat' dir='ltr'><strong>prout</strong></span> <span class='ocrx_word' id='word_1_127' title='bbox 1430 2805 1734 2890; x_wconf 81' lang='lat' dir='ltr'><strong>videtur</strong></span> <span class='ocrx_word' id='word_1_128' title='bbox 1759 2808 2194 2906; x_wconf 86' lang='lat' dir='ltr'><strong>imperatori</strong></span> <span class='ocrx_word' id='word_1_129' title='bbox 2221 2860 2244 2895; x_wconf 85' lang='lat'><strong>,</strong></span> 
     </span>
     <span class='ocr_line' id='line_1_20' title="bbox 208 2922 2246 3025; baseline -0.001 -27"><span class='ocrx_word' id='word_1_130' title='bbox 208 2926 470 2999; x_wconf 88' lang='lat' dir='ltr'><strong>subito</strong></span> <span class='ocrx_word' id='word_1_131' title='bbox 512 2925 955 3024; x_wconf 85' lang='lat' dir='ltr'><strong>occulteque</strong></span> <span class='ocrx_word' id='word_1_132' title='bbox 986 2925 1367 3025; x_wconf 88' lang='lat' dir='ltr'><strong>prodeunt</strong></span> <span class='ocrx_word' id='word_1_133' title='bbox 1391 2952 1412 3015; x_wconf 90' lang='lat'>;</span> <span class='ocrx_word' id='word_1_134' title='bbox 1438 2922 1678 2997; x_wconf 83' lang='lat' dir='ltr'><strong>veluti</strong></span> <span class='ocrx_word' id='word_1_135' title='bbox 1717 2924 1856 3023; x_wconf 89' lang='lat' dir='ltr'><strong>qui</strong></span> <span class='ocrx_word' id='word_1_136' title='bbox 1889 2924 2246 3021; x_wconf 80' lang='lat' dir='ltr'><strong>patrimo·</strong></span> 
     </span>
     <span class='ocr_line' id='line_1_21' title="bbox 210 3038 2249 3139; baseline -0.003 -22"><span class='ocrx_word' id='word_1_137' title='bbox 210 3044 397 3117; x_wconf 86' lang='lat' dir='ltr'><strong>nius</strong></span> <span class='ocrx_word' id='word_1_138' title='bbox 426 3042 709 3117; x_wconf 73' lang='lat' dir='ltr'><strong>dieitur</strong></span> <span class='ocrx_word' id='word_1_139' title='bbox 736 3041 868 3136; x_wconf 89' lang='lat' dir='ltr'><strong>(id</strong></span> <span class='ocrx_word' id='word_1_140' title='bbox 896 3058 1005 3117; x_wconf 88' lang='lat' dir='ltr'><strong>est</strong></span> <span class='ocrx_word' id='word_1_141' title='bbox 1027 3097 1048 3132; x_wconf 92' lang='lat'><strong>,</strong></span> <span class='ocrx_word' id='word_1_142' title='bbox 1081 3058 1329 3115; x_wconf 86' lang='lat' dir='ltr'><strong>custos</strong></span> <span class='ocrx_word' id='word_1_143' title='bbox 1352 3041 1850 3139; x_wconf 86' lang='lat' dir='ltr'><strong>peculiarium</strong></span> <span class='ocrx_word' id='word_1_144' title='bbox 1887 3038 2249 3139; x_wconf 87' lang='lat' dir='ltr'><strong>quodam·</strong></span> 
     </span>
     <span class='ocr_line' id='line_1_22' title="bbox 214 3136 2252 3261; baseline -0.003 -28"><span class='ocrx_word' id='word_1_145' title='bbox 214 3159 449 3233; x_wconf 87' lang='lat' dir='ltr'><strong>modo</strong></span> <span class='ocrx_word' id='word_1_146' title='bbox 500 3159 970 3261; x_wconf 84' lang='lat' dir='ltr'><strong>imperatoris</strong></span> <span class='ocrx_word' id='word_1_147' title='bbox 990 3212 1011 3247; x_wconf 89' lang='lat'>‚</span> <span class='ocrx_word' id='word_1_148' title='bbox 1050 3136 1137 3237; x_wconf 66' lang='lat' dir='ltr'><strong>ac</strong></span> <span class='ocrx_word' id='word_1_149' title='bbox 1190 3154 1381 3230; x_wconf 89' lang='lat' dir='ltr'><strong>forte</strong></span> <span class='ocrx_word' id='word_1_150' title='bbox 1428 3182 1470 3229; x_wconf 87' lang='lat' dir='ltr'><strong>a</strong></span> <span class='ocrx_word' id='word_1_151' title='bbox 1517 3156 1938 3253; x_wconf 86' lang='lat' dir='ltr'><strong>majoribus</strong></span> <span class='ocrx_word' id='word_1_152' title='bbox 1962 3156 2252 3229; x_wconf 85' lang='lat' dir='ltr'><strong>relicta·</strong></span> 
     </span>
     <span class='ocr_line' id='line_1_23' title="bbox 215 3274 2246 3374; baseline -0.004 -23"><span class='ocrx_word' id='word_1_153' title='bbox 215 3302 393 3351; x_wconf 89' lang='lat' dir='ltr'><strong>rum</strong></span> <span class='ocrx_word' id='word_1_154' title='bbox 428 3275 969 3373; x_wconf 86' lang='lat' dir='ltr'><strong>facultatum),</strong></span> <span class='ocrx_word' id='word_1_155' title='bbox 1002 3300 1233 3374; x_wconf 87' lang='lat' dir='ltr'><strong>quem</strong></span> <span class='ocrx_word' id='word_1_156' title='bbox 1265 3288 1341 3346; x_wconf 89' lang='lat' dir='ltr'><strong>et</strong></span> <span class='ocrx_word' id='word_1_157' title='bbox 1372 3276 1624 3372; x_wconf 84' lang='lat' dir='ltr'><strong>ipsum</strong></span> <span class='ocrx_word' id='word_1_158' title='bbox 1653 3287 1871 3345; x_wconf 88' lang='lat' dir='ltr'><strong>antea</strong></span> <span class='ocrx_word' id='word_1_159' title='bbox 1895 3274 2246 3369; x_wconf 86' lang='lat' dir='ltr'><strong>ignotum</strong></span> 
     </span>
     <span class='ocr_line' id='line_1_24' title="bbox 214 3389 2252 3495; baseline -0.004 -26"><span class='ocrx_word' id='word_1_160' title='bbox 214 3398 311 3469; x_wconf 78' lang='lat' dir='ltr'><strong>in</strong></span> <span class='ocrx_word' id='word_1_161' title='bbox 338 3395 701 3473; x_wconf 85' lang='lat' dir='ltr'><strong>omnibus</strong></span> <span class='ocrx_word' id='word_1_162' title='bbox 735 3394 1072 3495; x_wconf 86' lang='lat' dir='ltr'><strong>prudens</strong></span> <span class='ocrx_word' id='word_1_163' title='bbox 1112 3394 1542 3467; x_wconf 78' lang='lat' dir='ltr'><strong>Anastasius</strong></span> <span class='ocrx_word' id='word_1_164' title='bbox 1578 3390 1912 3463; x_wconf 81' lang='lat' dir='ltr'><strong>instituit</strong></span> <span class='ocrx_word' id='word_1_165' title='bbox 1932 3446 1952 3479; x_wconf 90' lang='lat'>,</span> <span class='ocrx_word' id='word_1_166' title='bbox 1996 3389 2252 3464; x_wconf 82' lang='lat' dir='ltr'><strong>discri-</strong></span> 
     </span>
     <span class='ocr_line' id='line_1_25' title="bbox 218 3504 2252 3610; baseline -0.002 -25"><span class='ocrx_word' id='word_1_167' title='bbox 218 3536 439 3601; x_wconf 89' lang='lat' dir='ltr'><strong>men,</strong></span> <span class='ocrx_word' id='word_1_168' title='bbox 488 3526 577 3584; x_wconf 91' lang='lat' dir='ltr'><strong>ut</strong></span> <span class='ocrx_word' id='word_1_169' title='bbox 610 3510 890 3585; x_wconf 85' lang='lat' dir='ltr'><strong>solebat</strong></span> <span class='ocrx_word' id='word_1_170' title='bbox 917 3566 938 3605; x_wconf 92' lang='lat'>,</span> <span class='ocrx_word' id='word_1_171' title='bbox 998 3511 1224 3585; x_wconf 89' lang='lat' dir='ltr'><strong>rebus</strong></span> <span class='ocrx_word' id='word_1_172' title='bbox 1273 3512 1698 3610; x_wconf 84' lang='lat' dir='ltr'><strong>excogitans</strong></span> <span class='ocrx_word' id='word_1_173' title='bbox 1721 3564 1742 3601; x_wconf 92' lang='lat'><strong>,</strong></span> <span class='ocrx_word' id='word_1_174' title='bbox 1786 3532 1887 3580; x_wconf 91' lang='lat' dir='ltr'><strong>ne</strong></span> <span class='ocrx_word' id='word_1_175' title='bbox 1925 3504 2252 3585; x_wconf 80' lang='lat' dir='ltr'><strong>confusae</strong></span> 
     </span>
     <span class='ocr_line' id='line_1_26' title="bbox 218 3630 667 3702; baseline 0 -1"><span class='ocrx_word' id='word_1_176' title='bbox 218 3630 667 3702; x_wconf 87' lang='lat' dir='ltr'><strong>laborarent.</strong></span> 
     </span>
    </p>

    <p class='ocr_par' dir='ltr' id='par_1_5' title="bbox 224 3730 2250 4089">
     <span class='ocr_line' id='line_1_27' title="bbox 327 3730 2247 3844; baseline -0.003 -27"><span class='ocrx_word' id='word_1_177' title='bbox 327 3745 448 3817; x_wconf 79' lang='lat'><strong>28.</strong></span> <span class='ocrx_word' id='word_1_178' title='bbox 468 3751 641 3819; x_wconf 89' lang='lat' dir='ltr'><strong>Post</strong></span> <span class='ocrx_word' id='word_1_179' title='bbox 656 3744 877 3820; x_wconf 88' lang='lat' dir='ltr'><strong>illum</strong></span> <span class='ocrx_word' id='word_1_180' title='bbox 899 3770 1077 3821; x_wconf 83' lang='lat' dir='ltr'><strong>vero</strong></span> <span class='ocrx_word' id='word_1_181' title='bbox 1094 3772 1271 3821; x_wconf 89' lang='lat' dir='ltr'><strong>cum</strong></span> <span class='ocrx_word' id='word_1_182' title='bbox 1304 3749 1385 3819; x_wconf 91' lang='lat' dir='ltr'><strong>in</strong></span> <span class='ocrx_word' id='word_1_183' title='bbox 1408 3749 1568 3820; x_wconf 89' lang='lat' dir='ltr'><strong>otio</strong></span> <span class='ocrx_word' id='word_1_184' title='bbox 1589 3746 1853 3844; x_wconf 82' lang='lat' dir='ltr'><strong>egisset</strong></span> <span class='ocrx_word' id='word_1_185' title='bbox 1872 3746 1913 3815; x_wconf 84' lang='lat' dir='ltr'>J</span> <span class='ocrx_word' id='word_1_186' title='bbox 1914 3730 2247 3829; x_wconf 85' lang='lat' dir='ltr'><strong>ustinus,</strong></span> 
     </span>
     <span class='ocr_line' id='line_1_28' title="bbox 225 3857 2250 3964; baseline -0.002 -31"><span class='ocrx_word' id='word_1_187' title='bbox 225 3886 477 3959; x_wconf 90' lang='lat' dir='ltr'><strong>neque</strong></span> <span class='ocrx_word' id='word_1_188' title='bbox 499 3862 919 3964; x_wconf 86' lang='lat' dir='ltr'><strong>quidquam</strong></span> <span class='ocrx_word' id='word_1_189' title='bbox 950 3867 1127 3938; x_wconf 81' lang='lat' dir='ltr'><strong>novi</strong></span> <span class='ocrx_word' id='word_1_190' title='bbox 1146 3864 1537 3963; x_wconf 88' lang='lat' dir='ltr'><strong>reperisset</strong></span> <span class='ocrx_word' id='word_1_191' title='bbox 1557 3914 1580 3953; x_wconf 90' lang='lat'>‚</span> <span class='ocrx_word' id='word_1_192' title='bbox 1614 3863 1752 3959; x_wconf 88' lang='lat' dir='ltr'><strong>qui</strong></span> <span class='ocrx_word' id='word_1_193' title='bbox 1785 3857 2059 3934; x_wconf 87' lang='lat' dir='ltr'><strong>deinde</strong></span> <span class='ocrx_word' id='word_1_194' title='bbox 2093 3880 2250 3953; x_wconf 72' lang='lat' dir='ltr'><strong>suc-</strong></span> 
     </span>
     <span class='ocr_line' id='line_1_29' title="bbox 224 3972 2250 4089; baseline -0.003 -40"><span class='ocrx_word' id='word_1_195' title='bbox 224 3978 440 4059; x_wconf 79' lang='lat' dir='ltr'><strong>cessit</strong></span> <span class='ocrx_word' id='word_1_196' title='bbox 454 4031 477 4073; x_wconf 70' lang='lat'>,</span> <span class='ocrx_word' id='word_1_197' title='bbox 504 3980 781 4063; x_wconf 82' lang='lat' dir='ltr'><strong>sororis</strong></span> <span class='ocrx_word' id='word_1_198' title='bbox 809 3979 973 4077; x_wconf 88' lang='lat' dir='ltr'><strong>ejus</strong></span> <span class='ocrx_word' id='word_1_199' title='bbox 999 3979 1241 4071; x_wconf 82' lang='lat' dir='ltr'><strong>filius,</strong></span> <span class='ocrx_word' id='word_1_200' title='bbox 1266 3980 1455 4053; x_wconf 91' lang='lat' dir='ltr'><strong>utile</strong></span> <span class='ocrx_word' id='word_1_201' title='bbox 1474 3976 1796 4089; x_wconf 83' lang='lat' dir='ltr'><strong>quodvis</strong></span> <span class='ocrx_word' id='word_1_202' title='bbox 1821 3998 2081 4077; x_wconf 85' lang='lat' dir='ltr'><strong>parare</strong></span> <span class='ocrx_word' id='word_1_203' title='bbox 2110 3972 2250 4044; x_wconf 86' lang='lat' dir='ltr'><strong>rei-.</strong></span> 
     </span>
    </p>
   </div>
  </div>
 </body>
</html>
