3050 5017
388 458 959 515 luurnnmcass
1008 458 1417 509 Romanu.
1464 460 1624 511 mn.
1676 463 1800 511 111.
1981 434 2121 539 175

56 572 193 673 pia
228 572 681 675 deperditis,
720 572 949 646 nullae
978 586 1203 663 sunt,
1250 585 1416 643 tum
1460 574 1680 671 quia,
1720 598 1888 675 quae
1929 572 2123 649 forte

56 690 153 763 ad
200 691 589 789 judicium
630 689 1119 779 deferuntur,
1158 713 1371 761 nunc
1420 690 1716 763 inscitia
1757 692 1840 766 in
1874 716 1963 764 eo
1995 692 2122 765 ad·

56 811 545 906 parentium,
576 832 791 881 nunc
812 805 1443 905 usurpationibus
1469 808 1870 903 juniorum
1889 864 1909 901 ,
1936 835 2119 908 pue·

58 924 193 996 rili
252 927 681 1023 arrogantia
722 923 1153 1027 primorum
1206 923 1594 997 honorum
1642 924 1973 998 habenas
2017 941 2122 999 te·

59 1064 279 1113 mere
295 1044 821 1141 agitantium...
844 1046 1009 1114 Haec
1031 1042 1125 1113 de
1142 1041 1694 1114 consuetudine
1713 1041 1807 1114 ad
1829 1040 2124 1116 chartas

52 1173 473 1257 spectante.

170 1300 201 1345 1
220 1274 294 1347 5.
345 1280 663 1374 Magnus
688 1290 942 1349 autem
967 1275 1554 1351 ducenariorum
1579 1300 1950 1349 numerus
1973 1276 2122 1375 pri·

62 1392 643 1479 miscriniorum
700 1391 1068 1467 tribunali
1128 1391 1565 1491 adparebat,
1620 1394 1759 1490 qui
1811 1416 2122 1491 operam

62 1510 357 1585 dabant
398 1513 479 1584 in
516 1512 1083 1613 cognitionibus
1112 1538 1153 1585 e
1192 1512 1662 1611 jussionibus
1693 1538 1849 1585 non
1889 1515 2120 1612 scrip-

64 1633 193 1721 tis,
220 1655 418 1730 quas
443 1640 686 1721 ζςυκτὰς
708 1631 1061 1706 dicebant
1086 1659 1104 1703 ε
1142 1657 1310 1729 quae
1330 1656 1447 1707 res
1476 1647 1650 1730 post
1669 1633 2120 1705 immensam

68 1772 107 1819 a
122 1748 379 1820 causis
394 1745 781 1821 lucrorum
804 1748 1297 1823 adfluentiam
1313 1801 1336 1840 ‚
1354 1750 1754 1822 maximam
1780 1750 2126 1847 pecuniae

68 1866 225 1936 vim
272 1866 963 1961 primiscriniorum
1006 1866 1311 1940 muneri
1354 1863 1822 1939 conciliabat.
1857 1862 1974 1937 Ab
2009 1866 2124 1939 in·

74 1999 445 2084 tempesta
472 2000 693 2059 nocte
708 1987 915 2059 enim
947 1984 1299 2059 laborans
1324 1983 1716 2084 praefectus
1739 1986 2124 2084 praetoriO,

70 2104 161 2177 ad
212 2105 415 2177 lucis
474 2118 729 2179 ortum
786 2129 1033 2203 usque
1088 2103 1658 2203 cognitionibus
1709 2102 2125 2217 lpcubrans

72 2220 382 2297 vacabat
442 2248 459 2293 z
520 2220 797 2297 deinde
858 2245 1103 2320 usque
1154 2221 1251 2293 ad
1310 2236 1602 2321 partem
1648 2220 1813 2295 diei
1881 2221 2144 2297 labori.

74 2341 572 2416 constitutam
596 2338 929 2437 publicis
964 2337 1223 2429 rebus,
1258 2354 1335 2413 et
1366 2338 1848 2439 pragmaticis
1883 2338 2128 2415 didas··

72 2456 479 2559 calicisque
520 2470 613 2529 'et
666 2454 1279 2530 unimembribus
1359 2468 1663 2556 tempus
1725 2458 2126 2556 impende-

72 2576 232 2667 bat,
257 2578 779 2675 vespertinum
812 2590 1069 2649 autem
1096 2584 1392 2668 ζευκταῖς,
1424 2591 1516 2649 ut
1550 2592 1855 2666 vocant,
1886 2576 2125 2651 absol-

76 2694 345 2767 vendis
408 2692 753 2776 trihuens
820 2721 839 2767 ε
900 2694 1185 2793 quibus
1257 2716 1558 2767 summa
1611 2693 2002 2767 alacritate
2051 2708 2129 2767 et

74 2812 384 2908 justitiae
416 2812 837 2901 ministros,
870 2825 947 2885 et
980 2810 1267 2911 agenda
1300 2812 1733 2902 sortientes,
1765 2826 1842 2883 et
1867 2834 2129 2905 causas

80 2932 551 3007 absolventes
574 2930 955 3030 implebat.
980 2936 1082 3003 Ac
1106 2932 1363 3005 cedere
1386 2932 1699 3031 quidem
1733 2914 1814 3004 in
1837 2931 2130 3029 judicio

86 3064 217 3121 aut
252 3046 499 3146 frangi
532 3046 919 3126 laboribus
946 3072 1172 3120 nemo
1207 3047 1515 3121 illorum
1551 3048 1970 3123 sustinebat
2007 3078 2026 3123 ε
2057 3062 2136 3125 at

88 3162 485 3265 praefectus
496 3164 811 3239 modum
828 3166 1129 3264 imperii
1147 3166 1522 3262 sapienter
1537 3183 1876 3257 noverat,
1891 3169 2135 3239 sciens

93 3304 162 3359 et
201 3285 463 3359 liberis
490 3285 1074 3387 sehominibus,
1110 3308 1359 3384 neque
1392 3310 1608 3371 servo
1646 3284 1960 3359 cuilibet
1993 3286 2135 3359 im·

94 3432 357 3509 perare
381 3461 404 3498 ,
453 3431 538 3479 ac
586 3421 949 3506 perpetua
1008 3403 1261 3479 officio
1324 3404 1674 3478 laborum
1744 3406 2138 3481 intervalla

96 3524 323 3597 dabat
349 3581 369 3615 ,
432 3526 893 3597 manumissa
954 3548 1167 3596 nunc
1225 3522 1345 3595 vel
1406 3522 1567 3622 ipsa
1635 3522 2138 3623 adpellatione

94 3644 354 3742 ignota
380 3640 799 3715 concedens
810 3642 941 3740 (sic
956 3656 1208 3713 autem
1226 3641 1747 3738 quotidianam
1771 3644 2139 3743 requiem,

96 3784 267 3859 quae
316 3783 361 3830 a
414 3757 659 3829 media
709 3757 831 3830 die
878 3756 1133 3832 officio
1177 3756 1538 3850 dabatur,
1585 3760 1889 3857 antiqui
1929 3780 2140 3860 voca-

170 3915 251 3993 8)
292 3918 461 3995 Lego
493 3924 750 3995 συνεχεῖς.

170 4016 251 4096 9)
292 4012 462 4093 Lego
493 4018 856 4095 μανούμισσα.
