3050 5017
259 491 266 500 ·
372 419 934 472 nmrusmcsn
984 420 1382 470 ROMANAE
1431 423 1587 470 ΜΒ.
1640 423 1771 472 111.
1950 395 2093 474 255

95 529 455 602 neminem
500 586 521 621 ‚
581 529 1130 630 qualiscunque
1196 527 1515 604 fortunae
1553 584 1575 620 ,
1644 531 2099 606 cruciatibus

94 648 486 744 excipiens,
545 649 1018 744 omninoque
1078 645 1288 720 nulla
1343 649 1773 744 cognitione
1822 672 2097 720 aurum

95 763 1083 854 tantummodoinsimulatos
1096 763 2099 864 haberesuspendenS‚atque

94 895 212 951 aut
263 881 510 954 nudos
559 896 691 954 aut
739 895 1082 954 mortuos
1132 878 1446 954 solvens.
1503 884 1851 974 Quorum
1897 884 2100 956 testis

93 997 383 1093 quidem
417 1013 528 1071 est
558 995 892 1097 populus
921 1025 938 1068 ε
977 1021 1113 1095 ego
1153 1021 1330 1084 vero
1357 1000 1711 1089 memini,
1743 1014 2099 1097 spectato·

93 1138 234 1184 rem
267 1139 426 1205 me,
455 1137 632 1187 cum
671 1111 976 1204 fierent,
1011 1112 1418 1204 adstitisse3
1457 1114 2098 1212 quemadmodum

94 1253 464 1328 exponam.
496 1229 955 1302 Antiochum
992 1229 1372 1328 quendam
1395 1285 1414 1316 ,
1431 1230 1585 1325 jam
1614 1245 1866 1302 senem
1887 1285 1908 1320 ,
1932 1233 2099 1304 auri

93 1345 432 1416 nonnihil
485 1344 899 1444 possidere,
935 1347 1006 1416 ei
1060 1345 1591 1417 indicaverant.
1650 1349 2097 1445 Correptnm

92 1463 326 1560 itaque
343 1460 558 1535 duris
574 1459 936 1533 funiculis
955 1485 996 1532 e
1018 1459 1370 1533 manibus
1384 1461 1779 1559 suspendit
1793 1517 1814 1553 ‚
1834 1462 2097 1555 donec,

93 1577 334 1651 solutis
369 1581 791 1676 juncturiS,
835 1602 1058 1650 senex
1092 1591 1439 1651 mortuus
1475 1603 1516 1650 e
1562 1579 1887 1652 vinculis
1920 1580 2099 1653 libe-

91 1709 274 1768 ratus
297 1711 426 1768 est.
461 1697 705 1792 Hujus
729 1719 865 1794 ego
899 1695 1102 1769 necis
1134 1709 1504 1793 spectator
1534 1693 1647 1768 fui
1680 1723 1699 1766 ε
1744 1723 2095 1771 noveram

93 1813 276 1882 enim
315 1810 802 1884 Antiochum.

175 1926 286 2002 58.
341 1931 659 2002 Facinus
690 1927 1000 2028 quidem
1049 1928 1194 2002 hoc
1239 1931 1590 2006 omnium
1641 1931 2097 2031 Cappadocis

93 2042 752 2116 moderatissimum
783 2069 800 2114 :
831 2058 1058 2141 atque
1092 2044 1388 2115 utinam
1419 2044 1625 2117 solus
1665 2048 1933 2144 utique
1980 2051 2094 2118 in-

87 2159 281 2252 juriis
318 2159 778 2260 invigilasset
807 2159 822 2231 !
863 2164 1146 2232 Verum
1176 2162 1514 2234 Briareus
1541 2160 1777 2232 veluti
1825 2159 2095 2236 fabulae

91 2292 442 2350 sexcentas
483 2302 755 2351 manus
792 2275 1064 2351 habere
1103 2301 1146 2348 a
1183 2279 1429 2376 poetis
1463 2279 1747 2352 dicitur
1784 2307 1801 2350 ε
1845 2282 1953 2352 sic
1978 2333 1995 2350 .
2028 2337 2085 2354 ..

91 2393 400 2470 nefarius
443 2395 569 2469 ille
619 2399 1065 2470 innumeros
1108 2395 1482 2470 malorum
1520 2399 1907 2470 ministros
1959 2397 2091 2472 ha·—

88 2507 286 2602 bens,
329 2537 488 2584 non
533 2527 829 2585 tantum
880 2514 1356 2611 imperatoria
1408 2515 1490 2584 in
1544 2511 1734 2586 urbe
1796 2511 2089 2614 agebat3

86 2625 192 2697 sed
249 2628 330 2699 in
375 2651 680 2702 omnem
735 2626 988 2701 locum
1049 2630 1584 2726 regionemque
1637 2629 1759 2700 sui
1810 2630 2091 2702 similes

87 2743 405 2816 mittebat
422 2799 444 2833 ‚
479 2743 768 2816 haustri
799 2768 1008 2816 more
1039 2743 1484 2842 ubicunque
1513 2743 1868 2816 latentem
1906 2744 2089 2816 huc-

85 2881 301 2956 usque
334 2861 650 2934 obolum
698 2859 1074 2934 hauriens.
1123 2865 1182 2932 E
1217 2860 1476 2933 multis
1507 2882 1683 2932 vero
1728 2861 1823 2935 ad
1860 2860 2087 2934 decla·
2184 2867 2193 2874 ’

85 2977 370 3052 randam
403 2995 826 3052 ceterorum
865 2980 1322 3077 impietatem
1355 2980 1583 3051 unius
1617 2980 2085 3051 mentionem

81 3080 346 3167 faciam.
393 3101 570 3169 Erat
603 3097 912 3195 quidam
952 3095 1286 3192 ejusdem
1317 3119 1492 3166 cum
1539 3093 1671 3168 illo
1709 3099 2085 3187 nominis,

81 3209 182 3280 vir
205 3235 430 3313 super
461 3237 766 3286 omnem
803 3213 1328 3311 cogitationem
1369 3209 1609 3283 fatalis
1648 3210 2083 3309 improbita-

84 3328 166 3399 tis
205 3357 220 3399 :
256 3330 654 3431 Cappadox
701 3345 776 3404 et
824 3330 980 3428 ipse
1001 3383 1021 3420 ,
1071 3327 1382 3426 soloque
1433 3315 1767 3426 corporis
1816 3327 2081 3401 habitu

83 3441 454 3543 impurum
475 3450 817 3528 animum
843 3445 1225 3546 prodebat.
1245 3449 1416 3517 Erat
1435 3449 1641 3518 enim
1669 3445 2081 3519 admodum

83 3581 411 3637 carnosus
443 3565 754 3662 quidam
774 3619 795 3655 ,
825 3578 900 3636 et
933 3563 1390 3635 redundanti
1419 3561 1602 3634 facie
1632 3591 1647 3632 z
1681 3561 2081 3636 latitudine

83 3676 366 3772 quidem
432 3677 742 3754 informi
779 3733 800 3770 ‚
859 3693 934 3752 et
991 3678 1311 3752 maxillis
1371 3677 1801 3753 luxuriante
1856 3703 2077 3751 carne

154 3925 212 4002 ⁰2.)
249 3923 391 3986 cod.
412 3927 752 4006 ὶξοιδημὲνος.
