3050 5017
834 442 1150 537 lxxxiv

832 658 1173 771 recepi,
1238 664 1539 751 ceteris
1593 668 1688 753 in
1750 674 1972 759 notis
2037 692 2376 799 tantum
2447 684 2851 795 proposi-

828 815 961 901 tis.
1044 817 1151 903 In
1224 821 1531 909 iisdem
1613 832 2104 921 emendatas
2183 868 2232 923 a
2310 868 2452 924 me
2535 838 2854 925 codicis

826 970 1239 1065 lectiones
1308 986 1608 1071 notavi
1665 1056 1694 1097 ‚
1789 992 2186 1109 exceptis
2220 1058 2248 1104 ,
2327 1025 2538 1111 quas
2623 1025 2854 1082 non·-

824 1130 989 1215 nisi
1078 1140 1523 1251 scripturae
1583 1148 1828 1234 ·vitio
1911 1151 2298 1242 laborare
2393 1156 2854 1243 constabat.

823 1287 1123 1403 Hujus
1154 1300 1911 1410 generis'mendae
1887 1344 1981 1398 m
2015 1314 2335 1405 Codice
2360 1314 2850 1405 innumerae

824 1453 1436 1563 occurrebant,
1464 1460 1740 1548 nullo
1797 1472 2116 1581 passim
2167 1475 2392 1562 inter
2451 1474 2850 1603 ejusdem

701 1658 715 1678 ι
819 1613 1013 1695 soni
1090 1618 1435 1706 vocales
1516 1624 2272 1748 diphthongosque
2346 1634 2847 1724 discrimine

819 1794 1185 1865 servato.
1278 1756 1672 1874 Eandem
1747 1794 1935 1879 sive
1997 1796 2572 1909 ignorantiam
2651 1798 2845 1886 sive

816 1934 1443 2048 negligentiam·
1522 1947 1629 2033 in.
1708 1970 2066 2043 accentu
2151 1958 2848 2048 animadvertere

815 2088 1017 2179 licet
1060 2162 1089 2203 ‚
1164 2101 1256 2185 in
1314 2136 1488 2219 quo
1535 2111 1998 2224 saepissime
2052 2134 2565 2233 peccatum3
2660 2122 2844 2208 imo

815 2256 1114 2343 multis
1170 2262 1431 2373 locist,
1493 2272 1642 2359 ubi
1692 2306 1930 2362 nunc
1975 2276 2563 2389 desideratur,
2643 2312 2846 2370 om-

815 2422 1029 2507 nino
1104 2428 1477 2521 defuisse
1551 2443 1927 2537 videtur.
2025 2453 2162 2539 Ad
2253 2488 2287 2540 ν
2374 2455 2851 2561 iocatus-miv

814 2617 1032 2675 vero
1096 2600 1357 2709 quod
1390 2608 1692 2697 attinet
1732 2683 1757 2723 ,
1845 2621 2179 2706 tametsi
2247 2624 2598 2711 credere
2653 2656 2842 2712 non

812 2756 1136 2861 ausim,
1183 2758 1413 2851 hanc
1450 2766 1788 2861 literam
1829 2808 2008 2866 non
2059 2782 2228 2870 nisi
2278 2816 2630 2892 eorum,
2683 2790 2840 2902 qui

812 2944 1032 3028 opus
1079 2920 1643 3043 descripsere,
1703 2939 1958 3057 culpa
2008 2964 2208 3034 ante
2261 2966 2834 3037 consonantes

806 3105 989 3161 non
1058 3082 1347 3170 minus
1416 3120 1640 3207 saepe
1715 3111 1972 3213 atque
2044 3118 2239 3189 ante
2307 3106 2653 3193 vocales
2742 3114 2836 3196 in

806 3236 1105 3325 codice
1174 3248 1595 3361 reperiri,
1679 3254 1946 3343 malui
2015 3277 2371 3374 tamen,
2457 3267 2831 3360 aliorum

804 3395 1165 3481 consilio
1184 3464 1211 3503 ,
1282 3403 1375 3495 in
1434 3436 1529 3489 re
1575 3406 1926 3499 levioris
1981 3424 2405 3508 momenti
2457 3456 2830 3515 consue-

656 3548 665 3560 “
737 3580 759 3591 ‘
801 3568 987 3639 tum
1041 3558 1472 3649 editorum
1509 3596 1843 3655 morem
1876 3576 2149 3690 sequi.
2211 3578 2828 3672 Ceterumtex·

800 3726 989 3799 tum
1042 3715 1129 3800 in
1181 3718 1583 3811 libroset
1636 3732 1915 3846 capita
1959 3730 2389 3853 d1visun'1,
2443 3777 2870 3869 paragra-·

796 3871 997 3997 phis
1045 3878 1404 4005 insuper
1452 3886 1830 3985 distinxi.
