3050 5017
2143 281 2172 338 't

536 439 1095 507 nmrnnmu.
1146 419 1566 503 nouauit:
1617 451 1774 506 mn.
1828 455 1878 506 1.
2122 429 2214 524 41'

158 571 485 680 secutus
506 603 537 656 ‚·
570 563 767 636 alius
797 564 879 634 in
910 575 1299 660 posterum
1332 585 1473 660 per
1506 576 1740 634 totam
1775 566 2006 638 vitam
2037 589 2218 667 prae-

160 665 373 754 sidio
396 661 803 780 indigebat,
826 695 1051 778 turpe
1074 676 1605 776 reputantibus
1625 681 1780 752 illis
1803 696 1878 754 et
1901 680 2230 780 fortunae

160 823 327 872 suae
352 799 751 896 jacturam,
778 801 841 868 si
858 787 1031 894 quis
1062 790 1251 868 forte
1272 797 1692 868 amicorum
1721 823 1986 872 eorum
2003 801 2098 872 ad
2119 802 2222 874 al·

174 919 429 990 terius
446 940 673 1016 opem
698 905 1173 1010 confugisset.
1200 914 1435 1008 Cujus
1462 915 1570 986 rei
1593 915 2004 990 obscurum
2017 923 2226 993 vesti*

168 1019 396 1132 gium
421 1028 515 1104 ad
549 1047 896 1106 nostrum
936 1053 1177 1134 aevum
1214 1029 1419 1128 apud
1450 1035 1826 1106 Romanos
1853 1053 2230 1114 servatum

176 1165 315 1222 est.
364 1153 553 1222 Nam
602 1149 797 1222 circa
840 1147 1125 1220 Ostiam
1169 1145 1383 1244 (quae
1426 1163 1540 1218 est
1579 1145 1762 1220 urbs
1796 1143 2006 1224 ostiis
2034 1153 2230 1245 Thy-

172 1263 423 1336 bridis
448 1251 831 1362 adjacens)
862 1255 1230 1362 primores
1258 1264 1580 1336 Romani
1613 1259 2230 1350 familiarissimos

180 1405 367 1454 suos
392 1381 826 1469 mittebant,
866 1377 1101 1452 veluti
1125 1379 1493 1479 egregiam
1521 1377 1846 1480 praedam
1863 1442 1886 1474 ,
1937 1413 1980 1458 e
2001 1403 2232 1486 portu

108 1564 119 1576 .
185 1497 568 1572 solventes
601 1491 935 1598 hospites
962 1496 1125 1570 aliis
1149 1513 1651 1598 praerepturos
1673 1555 1698 1590 ,
1746 1493 2081 1602 ipsisque
2107 1503 2232 1578 ad·-

188 1615 565 1690 dueturos
621 1642 637 1686 ε
704 1638 863 1713 quo
916 1613 1163 1684 omnis
1218 1616 1509 1713 generis
1545 1609 2012 1691 abundantia
2051 1646 2234 1720 prae-

180 1734 541 1826 beretur‚
610 1735 887 1834 apertis
926 1723 1239 1806 cuilibet
1300 1733 1652 1808 vestibuli
1696 1735 1952 1832 januis
2004 1743 2232 1840 majo-

188 1865 429 1952 reque
471 1839 747 1924 aedium
801 1865 1057 1950 parte,
1124 1843 1337 1922 nullo
1372 1844 1681 1923 custode
1735 1868 1869 1926 aut
1906 1853 2234 1950 janitore

192 1975 519 2044 introire
542 1961 938 2072 cupientes
973 1969 1431 2070 impediente
1470 1997 1486 2040 ε
1523 1971 1667 2068 ipsi
1703 1971 2001 2072 patricii
2054 2001 2232 2050 cum

112 2107 119 2114 ’
190 2086 565 2164 uxoribus
591 2080 1001 2190 liberisque
1034 2087 1465 2190 hospitibus
1496 2088 1754 2187 obvii,
1797 2117 1992 2188 quos
2035 2121 2236 2170 nun·

191 2234 428 2310 quam
464 2198 823 2282 vidissent
848 2261 867 2294 ,
922 2205 1367 2280 salutabant.
1421 2204 1746 2278 Transiit
1797 2233 1982 2296 vero,
2019 2223 2096 2284 et
2137 2213 2234 2284 ad

194 2341 535 2400 nostram
570 2329 885 2398 Romam
925 2299 1032 2395 ea*
1060 2321 1538 2412 humanitas;
1587 2337 1666 2394 at
1715 2333 1874 2398 n’ou
1934 2325 2240 2402 duravit

192 2457 500 2542 postea,
536 2429 751 2515 claris
796 2443 995 2512 inter
1039 2462 1178 2512 nos
1218 2428 1672 2516 hominibus
1707 2437 2030 2520 fortunae
2077 2445 2236 2520 cul·

196 2583 383 2636 men
408 2553 613 2632 haud
643 2548 843 2632 ultra
874 2581 1027 2633 sese
1050 2553 1642 2630 ostendentibus·

274 2799 465 2862 ’ππ
520 2814 665 2862 nno
712 2807 1017 2876 numme
1060 2808 1439 2863 trunsum
1491 2813 1807 2866 nonnus
1845 2815 2154 2868 nomm.

302 3033 423 3095 2'1.
476 3011 639 3098 iam
686 3037 859 3095 ante
915 3005 1329 3095 Romulum
1390 3019 1714 3121 reperias
1760 3022 2014 3098 silvios
2067 3027 2232 3126 ejus

198 3138 529 3241 regionis
574 3165 779 3238 reges
818 3137 1222 3238 adpellatos
1254 3163 1297 3210 a
1334 3121 1549 3212 silvio
1595 3127 1816 3212 AEnea
1845 3195 1866 3234 ,
1913 3165 2151 3242 genus
2187 3171 2232 3217 a

196 3260 457 3360 primo
490 3259 711 3328 AEnea
738 3243 1084 3328 ducente.
1122 3243 1424 3354 Quippe
1462 3259 1546 3327 in
1585 3255 1789 3328 silvis
1817 3257 2238 3332 habitantes

198 3361 435 3475 prisci
464 3371 851 3464 hominm,
896 3399 979 3444 ac
1007 3369 1419 3444 nomadum
1444 3359 1674 3444 vitam
1705 3371 2031 3448 colentes
2053 3431 2072 3465 ,
2115 3373 2236 3448 sil-

194 3486 366 3562 'vios
401 3513 477 3571 se
514 3488 912 3587 gloriantes
956 3480 1343 3577 dicebant,
1390 3513 1487 3560 ne
1527 3476 1707 3588 i'psis
1741 3488 2042 3588 regibus
2071 3493 2238 3593 qui-

196 3603 377 3679 dem
398 3623 693 3708 pascere
707 3630 958 3705 greges
972 3620 1045 3676 et
1064 3630 1215 3686 rem
1243 3599 1589 3704 colligere
1607 3603 2190 3704 dedignantibus
2213 3639 2236 3702 ;

199 3721 417 3796 unde
470 3724 695 3794 etiam
746 3723 1087 3821 pecunia>
1143 3747 1405 3794 eorum
1459 3745 1805 3794 sermone
1854 3721 2238 3800 facultates

197 3835 593 3914 dicuntur.
629 3841 823 3912 Hinc
844 3853 919 3910 et
944 3863 1163 3912 canes
1183 3836 1612 3912 Evandrum
1638 3841 2018 3937 Tegeaeum
2053 3840 2238 3916 olim

195 3960 596 4032 comitatos
632 3979 789 4031 esse
812 4009 837 4046 ‚
890 3933 1168 4031 veteres
1214 3969 1542 4028 narrant.
1580 3945 1839 4054 Neque
1873 3957 2052 4030 viris
2077 3973 2236 4036 tan-

1859 4071 1908 4144 6
