3050 5017
667 499 788 548 ΒΕ
844 497 1574 552 :minuent-no.
2032 479 2145 575 xlj

119 643 516 744 fulgurum
568 644 655 720 Vi
689 654 766 718 et
801 671 1066 740 causa,
1123 651 1258 718 Τῶν
1305 654 1502 742 μέντοι
1560 649 2037 744 κεραυνοὸλήτων
2077 655 2154 722 τά

125 787 378 874 σώματα
427 789 630 876 ἄταφα
679 785 1102 876 κατελίμπανον
1119 785 1204 854 ὀἱ
1253 785 1438 854 πάλαι
1457 836 1478 873 ,
1530 783 1860 879 ἀδιάφθορα
1885 788 2152 876 μένοντα·

125 931 226 996 τῆς
255 919 374 1012 γὰρ
407 915 468 986 ἐν
496 921 694 994 αὐτοῖς
721 916 1038 1012 ὑγρότητος
1075 919 1555 1012 ἀναρπαζομένης
1614 917 1731 992 ὑπὸ
1774 925 1883 988 τοῦ
1914 921 2101 1013 πυρὸς
2136 971 2159 1008 ,

125 1061 328 1148 ὥσπερ
384 1053 832 1130 ἀποπτηθέντα
867 1053 1148 1145 διαμένειν
1209 1057 1486 1148 πέφυκεν.
1544 1049 1797 1142 Quam
1845 1047 2161 1148 quidem

131 1183 544 1280 Epitomen
601 1177 810 1256 haud
871 1183 1028 1258 scio
1087 1208 1186 1256 an
1246 1191 1448 1256 recte
1503 1181 1915 1286 Schowius
1979 1177 2166 1254 ibid.

133 1340 303 1414 pag.
327 1315 426 1388 23
457 1313 844 1411 scripserit
857 1341 1034 1390 cum
1053 1315 1450 1414 prooemio
1470 1315 1721 1412 operis
1744 1314 1997 1408 finiri,
2017 1313 2171 1388 hoc

138 1460 254 1526 est
287 1505 310 1544 ,
363 1473 464 1522 ex
503 1447 762 1546 priore
799 1449 958 1524 sola
990 1448 1231 1524 libelli
1273 1461 1484 1550 parte
1519 1449 1861 1524 hausisse
1892 1447 2175 1522 Planu-

140 1582 318 1658 dem
345 1636 368 1677 ‚
411 1579 788 1677 reliquam
843 1583 1161 1657 omnino
1203 1575 1364 1656 non
1405 1583 1753 1680 attigisse.
1808 1579 2119 1654 Etenim
2151 1629 2177 1667 ,

143 1729 228 1794 ut
257 1714 410 1789 hoc
437 1725 610 1789 utar
637 1771 660 1811 ,
707 1719 880 1814 quis
917 1744 1075 1804 non
1115 1717 1332 1792 videt
1359 1741 1383 1809 ·‚
1434 1716 1756 1791 minoris
1784 1717 2179 1814 Epitomes

142 1861 374 1948 eaput
397 1848 594 1924 illud
628 1849 724 1923 de
747 1849 1142 1950 fulgurum
1185 1853 1270 1926 vi
1295 1909 1318 1941 ,
1364 1835 1477 1924 ὁτι
1512 1856 1651 1933 τοὺς
1682 1856 1999 1952 κεραυνὸὺς
2036 1880 2177 1949 φασι

145 1989 417 2083 γίνεσθαι
447 2036 470 2075 ,
521 1991 658 2054 ὅταν
699 1985 858 2080 ῥῆξις
916 1998 1104 2083 νεφῶν
1156 1992 1404 2080 γένηται·
1456 1999 1559 2065 τῆς
1606 1991 1723 2082 γὰρ
1764 1991 2185 2084 παρακειμένης

148 2125 352 2200 αὐτοῖς
375 2119 634 2215 γεώδους
671 2123 874 2202 οὐσίας
909 2121 1265 2218 sapsam
1286 2150 1346 2188 κ.
1373 2149 1426 2190 τ.
1449 2123 1505 2190 λ.
1549 2117 1755 2216 quod
1779 2119 1855 2192 in
1887 2145 2045 2216 pag.
2091 2117 2186 2191 55

153 2251 516 2330 editionis
549 2251 962 2328 Schowius
1006 2279 1162 2328 suae
1189 2252 1495 2346 retulit,
1529 2243 1987 2350 excerptum
2028 2275 2191 2326 esse

153 2411 320 2465 non
333 2411 434 2460 ex
453 2385 722 2482 prima,
743 2386 874 2461 sed
893 2414 936 2462 e
952 2397 1326 2486 postrema
1345 2385 1585 2459 libelli
1612 2397 1844 2482 parte,
1870 2385 2005 2457 ubi
2028 2387 2191 2459 bre-

152 2521 414 2598 viator
446 2517 660 2617 prior
695 2544 1128 2621 anonymus
1164 2520 1391 2595 habet
1424 2516 1599 2592 edit.
1634 2517 1948 2591 Schow.
1982 2519 2187 2590 Part.

159 2655 288 2732 IV
302 2679 544 2728 mens.
567 2655 968 2730 Decembr.
995 2682 1152 2754 cap.
1177 2679 1250 2748 2,
1275 2679 1438 2752 pag.
1465 2677 1607 2748 127
1642 2679 1658 2724 ε
1684 2655 1845 2732 Τοὺς
1878 2654 2195 2750 κεραυνοὺς

165 2797 222 2864 οἱ
250 2794 570 2890 φιλόσοφοί
585 2817 726 2886 φασι
745 2797 1025 2886 γενέσθαι
1047 2847 1069 2880 ,
1109 2801 1248 2865 ὅταν
1281 2789 1440 2888 ῥῆξις
1461 2799 1647 2888 νεφῶν
1674 2793 1921 2883 γένηται·
1955 2802 2057 2866 τῆς
2082 2793 2197 2882 γάρ

163 2929 591 3026 παρακειμένης
623 2925 824 3004 αὐτοῖς
855 2955 914 2994 κ.
942 2953 998 2996 τ.
1022 2929 1078 2996 λ.
1105 2921 1228 2998 Ex
1255 2947 1412 3020 quo
1449 2932 1805 3020 apparet,
1841 2946 1999 2994 non
2024 2945 2204 2994 con-

167 3059 494 3136 tinuisse
513 3081 672 3130 sese
699 3058 782 3130 in
815 3033 1300 3156 excerpendo
1322 3056 1701 3154 principio
1730 3052 1977 3129 libelli
2025 3053 2207 3128 Pla-

168 3193 466 3270 nudem
496 3245 520 3286 ,
571 3189 703 3266 sed
737 3191 830 3266 ad
863 3192 1110 3266 media
1143 3217 1452 3290 quoque
1474 3247 1494 3281 ,
1550 3189 1680 3262 vel
1714 3189 1805 3261 ad
1845 3200 2188 3294 extrema

168 3328 437 3430 potius
463 3381 488 3420 ‚
526 3325 972 3422 processisse
1007 3353 1025 3400 :
1065 3326 1174 3400 sic
1207 3337 1466 3397 tamen
1491 3377 1514 3416 ‚
1556 3333 1645 3394 ut
1678 3330 2039 3418 excerpta
2071 3347 2208 3396 sua
2259 3421 2266 3440 ῃ

175 3479 349 3540 tum
383 3461 740 3534 breviora
761 3461 915 3536 sint
949 3486 1182 3558 quam
1198 3459 1429 3537 altera
1449 3513 1472 3552 ‚
1501 3469 1668 3531 tum
1702 3453 1949 3530 multo
1982 3457 2209 3530 etiam

175 3598 421 3696 magis
459 3597 916 3694 perturbata.
965 3597 1091 3670 Ex
1140 3595 1503 3669 ambabus
1542 3603 1797 3666 autem
1832 3593 2213 3690 Epitomis

179 3729 605 3807 editionem
653 3727 899 3803 libelli
955 3727 1050 3804 de
1105 3727 1548 3825 Mensibus,
1618 3725 1712 3801 de
1764 3751 1915 3824 qua
1966 3752 2153 3802 mox
2192 3781 2217 3822 ‚

183 3863 606 3946 Schowius
636 3860 986 3939 confecit.
1642 3847 1651 3859 ’
1940 3863 1949 3877 ’

2842 4930 3017 4970 Δ-
