3050 5017
429 497 990 548 nmrnnmcss
1041 495 1441 545 ROMANAE
1492 496 1649 544 mn.
1703 497 1839 544 ιιι.
2008 463 2153 556 243

128 620 320 677 sunt.
342 593 719 682 Bellorum
744 635 923 683 vero
945 609 1167 682 turba
1187 633 1346 680 rem
1364 613 1777 680 Romanam
1797 605 2159 704 agitabat,

128 721 352 796 Persis
387 741 684 827 semper
713 725 1172 800 celebratum
1209 725 1304 799 de
1347 728 1589 800 Portis
1627 725 1909 824 Caspiis
1954 723 2185 797 sum·.

129 852 284 912 tum
322 846 841 944 repetentibus
873 845 1010 918 :de
1047 869 1203 945 quo
1231 859 1494 918 sumtu
1528 844 1684 916 haec
1722 843 2159 922 traduntun.

223 953 335 1031 52.
387 962 780 1035 Orientem
809 962 954 1035 sub
991 961 1210 1035 leone
1237 961 1470 1035 solem
1501 986 1761 1036 versus
1784 1016 1804 1053 ,
1838 975 2160 1060 angusto

128 1070 201 1140 in
219 1071 434 1149 aditu
461 1079 801 1170 Caucasi,
821 1093 1138 1154 ventum
1163 1084 1471 1152 Boream
1490 1102 1749 1153 versus
1774 1077 2162 1177 Caspium-

125 1214 265 1286 que
295 1217 502 1268 mare
532 1194 790 1268 divisis
823 1210 1092 1268 natura
1119 1197 1424 1269 Caucasi
1455 1195 1866 1286 radicibus,
1895 1195 2161 1267 introi-

125 1323 238 1381 tus
256 1309 671 1409 patefactus
691 1329 800 1387 est
820 1313 1156 1388 barbaris
1176 1371 1199 1406 ,
1212 1316 1436 1390 nobis
1447 1317 1835 1414 Persisque
1856 1315 2159 1416 ignotis,

125 1431 252 1526 qui
269 1434 467 1506 circa
484 1437 932 1526 Hyrcaniam
960 1435 1486 1536 incolunt3per
1509 1445 1741 1535 quem
1764 1438 2162 1526 irruentes,

125 1563 192 1621 et
215 1555 508 1626 Eurum
545 1580 846 1646 versuS,
879 1581 1048 1654 quae
1082 1560 1473 1628 Persarum
1495 1610 1516 1645 ,
1556 1569 1632 1628 et
1660 1561 1962 1628 Boream
1998 1579 2161 1628 ver-

122 1693 275 1760 suS,
336 1697 504 1772 quae
551 1677 1068 1746 Romanorum
1113 1689 1369 1768 erant,
1417 1674 2006 1774 populabantur.
2056 1677 2164 1748 Ac

123 1787 296 1858 dum
333 1779 644 1889 quidem
686 1795 1028 1870 Artaxata
1065 1807 1139 1865 et
1173 1791 1535 1866 ulteriora
1570 1794 1791 1865 etiam
1838 1793 2163 1893 posside-

121 1901 294 1977 bant
340 1909 703 1998 Romani,
761 1923 1160 2008 praesentes
1212 1908 1320 1981 ibi
1371 1911 1871 1984 occurrebant
1916 1939 1934 1982 ε
1981 1935 2159 1986 cum

119 2039 283 2095 vero
331 2022 485 2097 haec
532 2041 606 2096 et
653 2051 822 2123 quae
873 2025 1020 2098 alia
1066 2024 1211 2098 sub
1257 2028 1570 2098 Joviano
1613 2025 2117 2126 perdidissent
2139 2082 2163 2118 ,

119 2167 263 2212 non
293 2139 773 2214 sufficiebant
801 2148 1031 2224 Persae
1061 2141 1157 2215 ad
1179 2167 1312 2215 sua
1336 2142 1567 2215 simul
1596 2198 1617 2232 ,
1645 2159 1719 2216 et
1749 2170 1915 2244 quae
1942 2145 2160 2243 prius

117 2261 624 2331 Romanorum
694 2256 1000 2332 fuerant
1024 2315 1046 2350 ,
1112 2258 1640 2352 custodienda3
1708 2285 2161 2360 semperque

121 2373 492 2447 tumultus
521 2390 1032 2478 utrorumque
1061 2379 1448 2450 Armenias
1487 2375 1982 2479 intolerabilis
2008 2381 2159 2476 agi-

119 2490 325 2564 tabat.
351 2495 614 2590 Itaque
635 2505 809 2591 post
825 2497 1342 2566 Romanorum
1365 2491 1510 2565 sub
1532 2497 1573 2564 J
1575 2491 1837 2566 uliano
1869 2492 2159 2568 cladem

121 2611 304 2683 inter
341 2609 780 2686 Sallustium
808 2666 829 2701 ‚
861 2609 1300 2710 praefectum
1328 2615 1717 2711 praetorio,
1754 2611 1851 2684 ab
1900 2627 2158 2684 nostra

119 2743 354 2825 parte,
401 2742 478 2800 et
521 2733 914 2801 Persarum
954 2727 1464 2801 nobilissimos
1514 2743 1925 2828 posteaque
1973 2728 2155 2799 Isdi-

116 2844 400 2942 gerdem
428 2847 819 2936 convenit,
874 2859 963 2917 ut
995 2845 1537 2918 communibus
1570 2839 1977 2942 utriusque
2013 2844 2151 2914 im-

119 2965 295 3060 perii
351 2963 738 3037 sumtibus
785 2962 1174 3036 castellum
1237 2963 1334 3036 ad
1392 2964 1686 3036 dictum
1746 2961 2149 3036 introitum

117 3079 631 3172 aedifioeretur,
689 3078 1278 3179 praesidiumque
1336 3077 1520 3152 locis
1578 3081 2145 3179 imponeretur,

119 3224 259 3299 quo
275 3197 574 3272 barbari
588 3223 726 3298 per
737 3223 914 3270 eum
932 3199 1307 3271 irruentes
1319 3211 1777 3268 arcerentur.
1790 3199 2153 3269 Romanis

119 3331 349 3388 autem
385 3314 646 3406 bellis,
696 3339 864 3416 quae
910 3317 993 3386 in
1043 3313 1446 3387 Occidente
1489 3327 1565 3386 et
1618 3313 2151 3412 Septentrione

119 3449 350 3508 coorta
371 3449 588 3508 erant
607 3491 628 3525 ‚
644 3433 1106 3535 perturbatis
1119 3488 1138 3525 ‚
1161 3439 1389 3507 Persae
1405 3486 1425 3523 ,
1453 3446 1543 3504 ut
1557 3446 1734 3532 pote
1754 3434 2152 3531 propiores

115 3547 594 3625 barbarorum
620 3550 1188 3624 incursionibus
1211 3606 1231 3641 ,
1266 3551 1502 3623 coacti
1538 3565 1720 3622 sunt
1755 3547 2149 3622 castellum·

121 3665 214 3737 ibi
253 3683 512 3742 contra
545 3693 670 3742 eos
703 3667 1066 3742 aedificare
1113 3667 1367 3768 (quod
1399 3663 1843 3766 Biraparach
1896 3666 2147 3763 patrio

125 3806 452 3858 sermone
519 3785 958 3882 dixerunt),
1021 3785 1611 3884 praesidiumque
1675 3785 2145 3880 imposuere,

126 3923 250 3974 nec
277 3901 510 3976 hostis
543 3906 916 4003 ingressus
944 3918 1074 3976 est.
1860 3887 1871 3896 ⁹
2036 3965 2041 3968 .

215 4016 326 4096 53.
381 4027 532 4096 Hac
579 4023 964 4096 occasione
1008 4035 1308 4095 utentes
1347 4023 1577 4118 Persoe
1615 4023 1991 4093 Romanos
2022 4041 2139 4118 ag·
