3050 5017
498 467 1061 522 nnarunmcn:
1110 468 1521 519 nummu
1573 471 1725 519 mn.
1783 444 1830 521 12
2094 450 2180 523 31

138 576 463 652 initium
488 578 795 653 habens.
830 584 1091 681 Neque
1114 582 1321 653 enim
1346 580 1618 655 licebat
1639 578 2188 659 Romanis‘bar·

134 698 397 773 barica
422 714 621 773 veste
656 701 774 773 uti
811 726 829 771 ε
870 698 967 771 de
1000 724 1158 798 quo
1192 702 1548 773 meminit
1580 703 2068 801 Tranquillus
2101 685 2188 779 in

133 825 505 919 Augusto.
525 822 650 893 Ait
667 821 875 893 enim
892 823 1317 919 Augustum
1333 875 1355 912 ‚
1378 846 1556 895 eum
1573 823 1658 894 in
1677 820 2190 921 hippodromo

136 944 521 1014 Romanos
564 940 933 1039 quosdam
968 940 1461 1015 barbarorum
1500 966 1714 1015 more
1746 946 2048 1017 vestitos
2081 948 2190 1017 vi·

132 1058 408 1149 disset,
462 1060 971 1133 succensuisse
1022 1088 1041 1131 =
1101 1063 1357 1158 itaque
1408 1061 1965 1135 animadversos
2009 1088 2187 1135 con-

136 1174 385 1249 festim
416 1176 821 1249 barbarum
848 1176 1143 1251 cultum
1182 1177 1532 1275 abjecisse
1559 1232 1581 1269 ‚
1619 1180 1900 1277 vixque
1934 1182 2189 1278 cogni·

137 1310 257 1367 tos
274 1318 429 1367 esse
445 1319 487 1367 a
512 1298 805 1367 Caesare.
830 1294 1025 1367 Talis
1047 1295 1284 1393 igitur
1304 1293 1453 1368 fuit
1473 1296 1780 1369 Romuli
1797 1298 2191 1370 exereitus·

250 1410 365 1483 13.
410 1416 504 1485 Et
546 1412 1000 1485 attentiones
1032 1436 1251 1502 vero,
1316 1437 1505 1511 quas
1550 1428 1868 1503 vocant,
1919 1438 2188 1513 regum

138 1529 567 1602 ministerio
594 1530 938 1602 inventas
956 1531 1328 1628 suspicor,
1359 1529 1455 1603 ad
1481 1530 1918 1605 advehenda
1948 1528 2190 1604 feren·

136 1646 391 1745 daque
428 1648 883 1740 necessaria3
922 1646 1161 1721 veluti
1196 1662 1616 1721 nocturnos
1647 1648 1740 1721 ad
1767 1648 2190 1749 supelleeti-

138 1762 287 1835 lem
312 1778 391 1835 et
414 1789 891 1865 quaeeunque
924 1764 1020 1837 ad
1050 1764 1332 1838 lectum
1360 1768 1754 1864 pertinent
1775 1820 1796 1857 ‚
1828 1763 2187 1838 curanda.
2277 1824 2288 1837 .

136 1881 491 1953 Meminit
540 1881 775 1979 hujus
822 1882 1159 1955 nominis
1210 1881 1746 1956 celeberrimus
1794 1883 2054 1955 Cicero
2102 1882 2188 1955 in

136 1999 480 2071 oratione
514 2015 779 2072 contra
798 2005 1131 2073 Verrem.
1160 2003 1503 2077 Attentos
1534 2000 1727 2077 fidos
1755 2026 2020 2099 regum
2047 2003 2188 2075 mi-

138 2117 417 2189 nistros
452 2117 822 2190 vocabant
866 2118 963 2191 ab
1006 2116 1469 2191 attendendo
1518 2118 1750 2216 atcssm
1801 2115 2187 2217 obtempe-

139 2232 413 2327 rand03
444 2234 829 2309 attendere
854 2237 1062 2307 enim
1089 2242 1159 2311 τὸ
1184 2240 1517 2336 φιλονεικεῖν
1539 2234 1862 2306 Romani
1886 2233 2184 2308 dieunt.

440 2488 673 2537 mun
726 2479 1016 2537 ummo
1039 2518 1062 2554 ,
1113 2486 1474 2537 MAGISTER
1527 2482 1882 2546 EQul'ruu.

242 2706 361 2791 14.
412 2702 657 2803 Igitur
682 2756 705 2795 ‚
750 2716 840 2775 ut
872 2699 1249 2790 diximuS,
1296 2696 1678 2798 pedestres
1713 2698 1969 2799 copias
2013 2722 2182 2769 cen·

134 2818 612 2912 tui-ionibus,
650 2835 1030 2919 equestres
1054 2833 1310 2891 autem
1340 2814 1620 2907 Celeri,
1660 2840 1806 2923 qui.
1835 2829 2012 2889 ante
2035 2816 2180 2889 toti

132 2938 495 3011 exercitui
534 2935 963 3037 praefuerat,
1006 2936 1356 3026 tradidit3
1402 2950 1740 3032 eumque
1765 2935 2020 3007 omnis
2049 2958 2181 3033 po·-

130 3057 419 3127 testatis
450 3070 525 3127 et
572 3053 899 3127 fortunae
926 3070 1003 3127 et
1041 3050 1718 3125 administrationis
1751 3051 2180 3149 principem

130 3196 287 3245 esse
328 3171 620 3259 voluit,
676 3188 767 3244 ut
813 3172 1015 3243 nihil
1061 3172 1273 3243 aliud
1328 3170 1479 3241 nisi
1529 3166 1764 3239 solam
1821 3190 2180 3239 coronam

132 3292 669 3388 magistrorum
702 3291 1053 3389 equitum
1090 3288 1441 3388 potestati
1490 3298 1928 3382 exemptum
1960 3338 1981 3375 ‚
2033 3282 2184 3357 sibi

128 3432 257 3481 rex
288 3408 779 3507 relinqueret.
820 3412 977 3480 Hoc
1019 3408 1461 3505 magistratu
1488 3418 1566 3475 et
1599 3426 1804 3501 reges
1837 3416 1916 3473 et
1949 3400 2179 3473 dicta-

132 3540 331 3600 tores
364 3552 633 3600 omnes
688 3529 807 3600 usi
860 3542 1046 3599 sunt
1068 3580 1093 3617 ‚
1164 3549 1249 3596 ac
1302 3521 1580 3615 deinde
1615 3525 1970 3612 Caesares,
2041 3522 2182 3618 qui

132 3648 584 3745 magistrum
628 3646 977 3746 equitum
1032 3642 1468 3743 praefectnm
1512 3640 1865 3741 praetorio
1903 3662 2180 3737 cogno-

208 3842 283 3920 7)
323 3842 639 3901 καὶ-εἰπών.
669 3838 873 3899 Locus
918 3835 1196 3909 Aurelii,
1246 3830 1443 3913 qualis
1478 3850 1648 3891 nunc
1679 3828 1748 3887 in
1779 3826 2048 3907 Digestis
2073 3828 2174 3901 (1,

134 3940 259 4001 Tit.
290 3944 427 4017 ιι.)
462 3950 657 4003 exstat
678 3984 699 4015 ,
742 3938 1041 4000 nonnulla
1068 3938 1249 3997 habet
1286 3955 1321 3991 a
1355 3932 1538 4013 Lydo
1579 3952 1706 3991 non
1741 3948 2018 4011 expressa
2045 3946 2064 3989 z
2108 3934 2180 3989 ut

138 4056 265 4099 non
301 4037 483 4121 plane
522 4036 731 4102 eadem
768 4037 953 4099 verba
988 4033 1239 4099 vertis-e
1270 4030 1372 4093 hic
1407 4028 1708 4091 videatur.
