3050 5017
446 485 1021 552 armantem
1072 485 1483 550 nomme
1534 486 1694 552 mn.
1749 488 1835 552 ii.
2009 465 2144 581 13⁹}

108 609 285 683 t'u‘m
321 611 898 712 sempemaderat
928 611 1124 708 regi,
1158 626 1289 682 aut
1323 611 1700 710 singulare
1739 615 2146 712 imperium

109 733 409 802 tenenti
436 785 456 818 ‚
502 730 963 828 equestrium
994 728 1379 825 copiarum
1412 727 1568 799 dux
1591 783 1610 818 ‚
1648 732 1939 828 totique
1965 730 2153 802 aulae

110 845 509 946 praefectus
539 875 555 917 :
598 870 865 944 quare,
899 846 1035 943 qui
1060 844 1456 916 recentiori
1475 847 1787 917 nomine
1809 848 2156 945 magister

118 963 579 1062 adpellatur,
638 962 749 1035 nil
786 959 993 1032 aliud
1034 962 1181 1032 nisi
1218 963 1566 1059 magister
1613 964 1963 1057 equitum
1999 974 2158 1052 est3

122 1081 399 1152 mutati
432 1094 683 1152 autem
730 1079 1066 1150 nominis
1096 1101 1315 1149 causa
1351 1075 1499 1148 fuit
1547 1077 1784 1174 major
1835 1089 2161 1176 potestas

126 1197 243 1268 illi
280 1197 659 1270 attributa.
695 1197 999 1295 Quippe
1037 1178 1367 1292 magistri
1406 1191 1834 1267 officiorum
1879 1220 2160 1266 nomen

126 1340 341 1413 aeque
373 1313 795 1387 aulicorum
830 1311 1337 1410 catalogorum
1369 1312 1640 1384 ducem
1659 1367 1680 1401 ‚
1719 1329 1806 1384 ut
1833 1312 2166 1411 praedixi·

130 1456 306 1502 mus
328 1487 347 1520 ‚
372 1428 745 1528 significat
764 1478 785 1520 ‚
810 1428 1094 1528 quibus
1117 1453 1293 1500 cum
1337 1443 1714 1525 equestres
1751 1443 1916 1499 tum
1945 1427 2164 1526 pede³

130 1563 316 1620 'stres
346 1547 815 1645 imperatoris
844 1546 1075 1644 copiae
1094 1600 1114 1636 ‚
1145 1567 1467 1616 numero
1498 1544 1754 1617 decem
1789 1543 2028 1616 millia
2054 1568 2171 1616 ar-

134 1679 515 1736 matorum
544 1720 563 1753 ‚
601 1665 1115 1736 continentur.
1154 1667 1245 1734 Et
1285 1661 1429 1735 hoc
1454 1664 1766 1765 quidem
1797 1688 1961 1734 uno
1991 1688 2168 1734 con·
2271 1652 2277 1666 ⁵

135 1781 376 1853 stabat
433 1782 767 1879 magistri
826 1780 1172 1880 equitum
1230 1793 1553 1878 potestas
1615 1807 1630 1851 :
1687 1775 1766 1851 'at
1821 1781 2172 1878 magister

136 1901 425 1998 potior,
480 1899 801 1996 imperio
840 1896 949 1980 ,ad
1004 1909 1289 1967 tantam
1353 1895 1836 1968 altitudinem
1894 1911 2170 1968 evectoa

138 2025 333 2090 Tum
382 2015 873 2088 enim.solam
923 2015 1219 2087 Italiam
1286 2014 1780 2115 possidebant
1803 2015 2174 2104 Romani3

136 2161 355 2210 nune
379 2149 627 2207 autem
644 2190 665 2225 ,
712 2135 855 2206 deo
880 2133 1349 2232 gubernante
1369 2188 1392 2225 ‚
1418 2159 1724 2206 omnem
1760 2133 1990 2206 simul
2015 2147 2178 2206 ter-

138 2277 305 2326 ram
340 2276 695 2349 mareque
732 2263 1013 2322 tenent.

168 2445 174 2450 ,
248 2365 370 2440 25.
402 2370 595 2458 Quis
630 2392 807 2440 vero
842 2369 1141 2466 primus
1174 2365 1525 2465 magister
1571 2369 2010 2440 nominatus
2045 2369 2182 2459 sit,

142 2488 395 2560 dicere
420 2509 750 2583 neque0‚
778 2498 1069 2581 tacente
1102 2483 1415 2555 historia
1448 2510 1465 2555 τ
1500 2509 1748 2583 neque
1771 2487 1978 2555 enim
2009 2498 2185 2558 ante

142 2602 691 2676 Martinianum
730 2655 753 2690 ‚
815 2602 953 2699 qui
1014 2599 1161 2671 sub
1215 2601 1512 2673 Licinio
1575 2601 1924 2698 magister
1989 2599 2137 2671 fuit
2165 2638 2188 2692 3

146 2722 344 2794 alius
387 2719 838 2818 cujusquam
876 2737 1160 2790 nomen
1200 2718 1510 2791 historia
1537 2717 1813 2817 prodit.
1855 2717 2011 2790 Sub
2043 2718 2188 2788 hoc

148 2841 319 2938 ipso
350 2851 604 2912 autem
645 2838 938 2909 Licinio
970 2839 1512 2909 Constantinus
1537 2891 1558 2926 ,
1612 2835 1814 2908 solus
1859 2849 2010 2907 tota
2055 2835 2191 2905 im-

150 2961 347 3060 perii
370 2973 735 3057 potestate
754 2959 1043 3058 potitus
1059 3011 1080 3046 ‚
1102 2959 1544 3055 magistrum
1570 2957 1756 3028 aulae
1778 2954 2190 3050 Palladium

152 3077 430 3148 creavit
456 3129 477 3164 ,
522 3077 773 3148 virum
813 3073 1267 3177 prudentem
1292 3129 1313 3164 ,
1352 3077 1490 3173 qui
1544 3081 1792 3178 Persas
1839 3074 2196 3147 Romanis

152 3208 231 3266 et
264 3191 563 3265 Galerio
596 3192 1049 3264 Maximiano
1081 3205 1299 3262 antea
1329 3191 1615 3289 legatus
1649 3191 2192 3264 conciliaverat.

153 3313 567 3410 Cupientes
585 3334 760 3383 vero
784 3308 1262 3382 succedentes
1280 3307 1634 3406 deinceps
1660 3307 1752 3379 ad
1784 3331 1923 3378 nos
1952 3329 2195 3406 usque

154 3431 551 3528 magistros
574 3454 731 3500 non
752 3429 1093 3527 ignorare
1113 3481 1132 3516 ‚
1156 3429 1329 3499 satis
1350 3425 1647 3498 docebit
1669 3430 1930 3497 Petrus
1962 3421 2088 3494 ille
2113 3424 2194 3494 in

156 3545 526 3619 omnibus
579 3545 907 3617 excelsus
933 3599 953 3628 ‚
1025 3559 1098 3616 et
1158 3545 1521 3635 universae
1573 3541 1898 3615 historiae
1952 3555 2198 3612 certus
2261 3557 2268 3574 ¹

154 3677 467 3751 auctor,
502 3663 585 3732 in
635 3663 727 3733 iis
750 3715 771 3752 ,
815 3687 981 3762 quae
1020 3660 1115 3734 de
1150 3662 1614 3760 magisterio,
1639 3658 1850 3758 quod
1884 3671 2154 3730 vocant
2177 3709 2198 3746 ,

158 3781 630 3879 conscripsit.
853 3861 861 3868 ,

268 3897 389 3970 26.
442 3898 689 3968 Crevit
725 3897 959 3996 igitur
998 3911 1319 3995 potestas
1358 3896 1830 3992 magistratus
1865 3917 1880 3960 ε
1919 3889 2200 3959 etenim

168 4033 333 4087 non
390 4023 689 4087 tantum
742 4013 1301 4113 deprecationes
1342 4011 1807 4110 populorum
1849 4003 2202 4102 magistro

1488 4129 1495 4134 ’
1858 4147 1882 4192 1
1903 4121 1946 4190 8
