3050 5017
500 492 1057 543 narrunmcu
1105 494 1503 543 Romanu:
1554 498 1710 547 ιη.
1757 499 1807 547 1.
2082 483 2179 578 49

143 619 307 675 stus
332 626 379 675 a
404 604 761 677 Romanis
808 594 1095 674 reditus
1120 618 1448 676 vocatur.
1496 609 1688 679 Cum
1730 623 1982 681 autem
2017 637 2177 685 non

144 720 629 819 diphthongo
660 721 901 819 prima
936 722 1138 791 vocis
1166 719 1483 811 syllaba,
1524 724 1654 795 sed
1695 727 2022 826 simplici
2052 756 2176 803 vo·
2241 758 2253 775 ’

144 841 286 912 cali
325 838 723 927 scribitur,
769 852 1129 909 neutrum
1186 836 1492 909 illorum
1522 892 1544 925 ‚
1601 866 1768 939 quae
1800 842 2176 932 diximuS,

144 956 271 1030 scd
302 942 717 1054 querulum
766 970 842 1027 et
874 953 1517 1027 calumniatorem'
1544 959 1622 1029 vi
1661 960 2047 1059 scripturae
2081 966 2175 1035 si·

147 1074 575 1174 gnificabit3
620 1075 803 1171 quia
843 1096 1123 1171 queror
1163 1078 1231 1145 τό
1276 1081 1576 1173 μέμφομαι
1607 1132 1633 1167 ,
1695 1078 1924 1150 verbo
1974 1074 2172 1174 com}

148 1191 414 1279 muni,
458 1188 833 1263 adfectum
884 1186 1114 1261 simul
1148 1190 1672 1289 actionemque
1713 1192 2180 1287 declarante,

146 1306 454 1395 dicunt,
475 1332 615 1379 nec
630 1331 789 1379 non
808 1308 1319 1405 querimonias
1337 1323 1410 1380 et
1432 1309 1771 1407 querelas
1787 1319 1892 1390 τὰς
1911 1319 2177 1406 μέμψεις.

242 1424 369 1497 26.
426 1428 530 1497 Ne
566 1438 817 1496 autem
850 1421 1039 1495 forte
1064 1424 1469 1497 verborum
1490 1428 1820 1526 ,argutiis
1845 1430 2178 1503 veritatis

148 1542 473 1641 speciem
530 1566 861 1641 quaerere
911 1540 1346 1630 videamur,
1400 1542 1499 1613 ab
1527 1542 1660 1633 iis,
1695 1545 1855 1643 'qui
1905 1547 1986 1617 in
2029 1544 2176 1621 hoc

146 1676 595 1760 argumento
643 1663 909 1735 versati
947 1676 1170 1752 sunt,
1222 1661 1612 1763 discamus·
1657 1666 1880 1736 Caius
1917 1666 2176 1763 igitur,

144 1775 729 1875 jurisconsultus
751 1830 773 1867 ,
824 1778 910 1849 in
945 1776 1179 1866 libro',
1235 1802 1463 1876 quem
1503 1779 1886 1878 inscripsit
1921 1787 2030 1853 ad
2063 1786 2174 1857 Je-

140 1924 311 1993 gem
344 1918 479 1969 xu
510 1897 973 1969 Tabularum
992 1951 1021 1985 ‚
1060 1894 1213 1967 haec
1240 1896 1345 1967 ait
1374 1923 1392 1967 z
1429 1924 1467 1961 α
1494 1899 1686 1967 Cum
1720 1911 1974 1969 autem
2001 1922 2178 1969 oera-

144 2015 351 2085 rium
378 2012 647 2111 populi
685 2014 957 2085 anxius
990 2036 1143 2085 esse
1170 2014 1545 2113 coepisset3
1587 2028 1678 2085 ut
1711 2004 1954 2085 essent
1977 2069 1998 2103 ‚
2035 2018 2176 2115 qui

146 2135 211 2205 ei
252 2146 655 2233 praeessent
680 2187 705 2221 ,
740 2134 1137 2205 constituti
1182 2147 1580 2232 quaestores
1616 2160 1634 2202 ε
1685 2132 1868 2203 dicti
1908 2124 2121 2219 abeo
2149 2190 2176 2227 ‚

145 2250 355 2352 quod
392 2250 924 2349 conquirendae
946 2264 1021 2321 et
1047 2249 1566 2323 conservandae
1591 2252 1936 2348 pecuniae
1957 2276 2178 2325 causa

146 2370 373 2443 creati
406 2384 637 2441 erant.
680 2372 771 2441 Et
800 2372 979 2466 quia
1022 2367 1115 2439 de
1150 2368 1405 2467 capite.
1440 2367 1624 2439 civis
1649 2370 1966 2439 Romani
2013 2388 2174 2443 non

142 2486 413 2561 licebat
443 2486 995 2585 magistratibus
1023 2486 1150 2582 jus
1169 2484 1449 2573 dicere3
1474 2500 1868 2583 propterea
1899 2488 2174 2559 consti·

146 2603 559 2677 tuebantur
586 2618 987 2700 quaestores
1012 2601 1395 2701 parricidii
1444 2602 1702 2699 (quasi
1745 2603 2174 2699 quaesitores

138 2712 581 2818 judicesque
616 2744 881 2793 eorum
908 2774 929 2810 ,
975 2722 1111 2818 qui
1149 2720 1343 2790 cives
1374 2717 1892 2815 occidissent).
1929 2748 1964 2785 n
1989 2722 2169 2815 ,Par-

144 2837 418 2911 ricidas
440 2854 691 2911 autem
730 2838 1048 2909 Romani
1089 2850 1163 2907 et
1194 2850 1599 2935 parentum
1627 2850 1702 2907 et
1729 2835 2008 2906 civium
2055 2838 2169 2908 in·

142 2952 567 3027 tei-sectores
588 2954 801 3049 juxta
826 2968 1097 3026 vocant
1114 3008 1134 3042 ‚
1166 2966 1513 3053 parentes
1536 2966 1896 3051 utrosque
1919 2950 2008 3023 ad
2015 2952 2170 3051 pel-

138 3068 401 3145 lantes.
436 3070 851 3141 Discrimen
900 3084 1155 3141 autem
1209 3069 1546 3141 nominis
1579 3064 1931 3139 adferunt
1975 3067 2164 3142 hoc:

139 3216 421 3291 nempe
443 3190 767 3289 primam
796 3188 1153 3280 syllabam
1187 3212 1361 3259 cum
1398 3189 1863 3285 corripiunt,
1901 3213 2166 3286 paren-

136 3324 287 3399 tes,
328 3332 507 3381 cum
536 3306 977 3407 producunt
1002 3360 1023 3395 ,
1073 3306 1267 3377 cives
1294 3304 1658 3375 indicant.

238 3452 359 3523 27.
414 3426 662 3497 Tertio
708 3438 963 3496 autem
1014 3436 1089 3495 et
1122 3420 1642 3493 ducentesimo
1686 3440 1727 3489 a
1764 3420 2164 3497 consulatu

132 3564 379 3631 anno,
425 3537 711 3638 Regulo
740 3541 1069 3621 etJunio
1108 3536 1591 3624 consulibu8‚
1631 3560 1808 3607 cum
1843 3538 2164 3613 Romani

128 3660 267 3743 iis,
316 3658 455 3756 qui
496 3656 807 3754 Pyrrhi,
844 3657 1203 3755 Epirotae,
1261 3656 1442 3726 socii
1485 3651 1828 3740 fuerant,
1873 3650 2160 3729 bellum

129 3771 413 3845 inferre
473 3776 947 3862 statuissent,
1011 3768 1361 3843 aedificata
1418 3769 1664 3843 classis
1692 3824 1714 3859 ,
1780 3782 1854 3840 et
1923 3769 2161 3844 additi

130 3905 313 3961 sunt
339 3944 360 3981 ,
413 3892 551 3989 qui
608 3904 976 3962 vocantur
1010 3887 1292 3961 classici
1352 3887 1474 3979 (id
1508 3902 1617 3957 est
1640 3940 1662 3975 ,
1707 3884 2059 3958 navarchi
2082 3884 2114 3983 )
2137 3943 2160 3980 ,

128 4030 455 4081 numero
486 4006 885 4082 duodecim
917 4022 1317 4105 quaestores
1343 4057 1364 4094 ,
1407 3998 1932 4077 distributores
1957 4002 2152 4075 vide-

1847 4144 1888 4223 7
