3050 5017
446 446 1015 498 nmrunmcu.
1064 444 1473 495 Romanu:
1519 443 1675 509 ΜΒ,
1725 450 1846 497 111.
2021 422 2163 521 189

158 551 457 651 implent
476 612 501 648 ‚
536 558 955 631 terminum
982 554 1306 647 militiae,
1333 555 1636 655 qualem
1675 555 1981 631 fortuna
2003 556 2165 645 dat,

156 674 563 748 sortiuntur
604 703 621 747 ε
666 674 1079 775 cistophori
1122 688 1377 746 autem
1406 726 1429 764 ‚
1488 674 1672 773 (qui
1715 672 2167 775 praefecturae

157 786 563 866 dimidiatas
614 790 901 891 effigies
946 788 1207 863 ferunt
1239 793 1325 887 ,)
1382 806 1461 863 et
1500 790 1812 865 diaetarii
1867 792 1950 865 in
2001 791 2168 865 aliis

157 902 371 979 officii
405 907 809 983 ordinibus
862 908 1471 983 adnumerantur
1504 910 2170 1011 ministeriumque

155 1020 479 1122 implent.
927 1074 959 1099 -.
989 1074 1024 1099 .-

501 1287 597 1337 nn
643 1273 1159 1339 conmentario
1200 1280 1475 1335 maxim
1520 1280 1828 1339 ors-rien.-

241 1540 353 1588 πα.
389 1518 771 1594 Omnibus
790 1575 811 1613 ,
832 1518 1113 1621 opinor
1131 1576 1152 1613 ‚
1182 1520 1532 1621 catalogis
1551 1578 1572 1611 ,
1594 1522 1678 1593 ni
1704 1510 1892 1619 quid
1918 1516 2174 1611 fallor,

74 1644 87 1657 '
148 1638 539 1730 enarratis,
588 1654 848 1729 restat,
909 1655 999 1712 ut
1049 1656 1350 1729 rursm,
1402 1640 1618 1738 quasi
1669 1635 2172 1710 venerabilem

150 1753 404 1829 ducem
430 1814 452 1849 ‚
511 1775 979 1859 postremum
1043 1759 1634 1833 cornicularium
1707 1761 1789 1831 in
1860 1742 2175 1829 historia

152 1874 617 1951 ostendamus
665 1906 681 1949 ε
721 1888 1018 1978 oportet
1066 1878 1272 1949 enim
1322 1875 1586 1967 illum,
1633 1888 1880 1947 totum
1934 1876 2173 1947 eonti-

148 2004 443 2063 nentem
498 1991 841 2065 officium
871 2048 894 2082 ‚
949 1995 1421 2093 principium
1485 1986 1718 2064 simul
1782 1990 2174 2089 finemque

150 2104 293 2199 ejus
340 2104 712 2181 exhihere.
778 2112 919 2181 Cui
968 2109 1280 2208 quidem
1330 2108 1425 2181 ad
1480 2106 1710 2179 fidem
1753 2097 1873 2179 vel
1920 2106 2172 2179 solum

152 2234 438 2323 tempus
478 2222 794 2299 sufficit
780 2242 1087 2327 ,super
1106 2225 1315 2297 mille
1352 2236 1722 2298 trecentos
1765 2236 2007 2297 annos
2053 2250 2168 2296 or-

149 2336 389 2411 dinem
408 2340 723 2416 ducenti
740 2346 1136 2443 ‚ipsoque‚
1156 2354 1321 2441 quo
1348 2358 1552 2414 sacra
1573 2343 1806 2413 Roma
1831 2326 2170 2431 condita,

151 2466 471 2593 tempore
546 2461 628 2532 in
696 2459 1247 2559 rempublicam
1315 2458 1753 2531 introducto
1830 2488 1845 2527 :
1916 2456 2174 2531 aderat

151 2578 419 2679 quippe
442 2564 665 2655 initio
678 2582 1031 2681 magistro
1046 2581 1803 2679 equitum3mag1ster
1817 2580 2167 2678 equitum

150 2717 309 2768 vero
345 2712 513 2770 tum
550 2700 728 2798 regi.
770 2700 1021 2789 Quare
1070 2696 1165 2770 ab
1210 2689 1698 2769 incunabulis
1741 2689 2171 2795 reipublicae

150 2812 481 2885 Romanae
522 2826 753 2887 notus
794 2827 902 2887 est
950 2802 1536 2901 cornicularius3
1589 2812 1934 2911 quamvis
1970 2796 2170 2881 nihil
2223 2846 2229 2853 ·

149 2928 210 2997 ei
237 2942 500 3026 praeter
537 2952 821 3004 nomen
862 2930 1209 3003 relictum
1239 2932 1406 3003 sit.
1392 2958 1407 2973 ·
1455 2956 1547 3002 ex
1581 2952 1738 3027 quo
1769 2929 1976 3001 enim
2021 2924 2169 3001 Do-

151 3047 534 3140 mitianus,
582 3074 760 3121 cum
802 3052 1127 3121 Fuscum
1180 3042 1334 3139 (sic
1375 3059 1630 3119 autem
1672 3038 1994 3119 Romani
2039 3042 2172 3121 co·-⁴

152 3161 295 3238 lore
326 3170 640 3269 nigrum
674 3174 987 3255 vocant)
1030 3164 1460 3267 praefectum
1513 3167 1863 3265 praetorio
1901 3180 2171 3237 contra

152 3286 455 3387 Augusti
488 3290 1046 3361 institutionem
1080 3300 1389 3359 creasset
1410 3342 1429 3376 ‚
1458 3286 1794 3384 magistri
1816 3284 2168 3382 equitum

154 3403 577 3482 electionem
598 3464 619 3499 ,
681 3409 838 3506 ipse
893 3408 1301 3480 exercitum
1360 3405 1645 3478 ducens
1665 3460 1686 3496 ‚
1738 3428 2168 3508 supervaca-

156 3550 357 3600 neam
392 3527 760 3618 ostendit,
797 3520 1069 3601 cuncta
1096 3539 1381 3599 m'utata
1414 3538 1618 3599 sunt.

246 3646 360 3721 23.
397 3650 641 3749 Igitur
657 3672 825 3749 quae
844 3648 1536 3748 quomodocunque
1562 3630 1768 3745 apud
1790 3642 2172 3743 praefectos

155 3769 468 3863 praetorii
507 3766 921 3867 agebantur
946 3819 969 3854 ‚
1007 3764 1209 3837 solus
1246 3762 1792 3837 cornicularius
1829 3759 2129 3859 regebat
2149 3814 2171 3849 ,

158 3904 239 3951 ex
270 3883 509 3983 iisque
540 3884 825 3959 reditus
849 3885 930 3953 in
961 3906 1186 3953 suum
1214 3880 1561 3952 solatium
1597 3875 1924 3949 ferebat:
1959 3872 2171 3979 quod

150 4022 319 4074 cum
346 4026 389 4075 a
408 4004 842 4077 Domitiano
869 4025 1110 4100 usque
1135 3998 1229 4071 ad
1251 3997 1754 4072 Theodosium
1793 4004 2168 4083 nostrum,

681 4347 691 4395 ί
