3050 5017
659 734 716 758 f

881 506 943 558 Σ
1483 501 2273 557 ‚coMMRN'rAnqu

795 662 804 669 ‘
883 652 1210 727 Victore
1235 652 1729 728 Trincavello
1769 652 2055 728 Venet.
2090 652 2306 729 1556.
2338 650 2470 729 fol.
2532 678 2687 730 una
2726 676 2919 731 cum

882 770 1312 864 Alexandri
1329 786 1947 889 Aphrodisiensis
1970 786 2567 879 Quaestionibus)
2584 846 2605 885 ,
2640 786 2918 863 referri

879 918 1126 1014 debet,
1165 947 1322 995 non
1353 919 1446 993 ad
1487 918 1797 1019 Lydum
1820 896 2166 995 nostrum
2188 977 2210 1011 ,
2272 919 2405 995 sed
2450 920 2545 997 ad
2588 922 2919 999 Priscia-

875 1079 1066 1129 num
1098 1053 1406 1154 Lydum
1438 1056 1613 1153 :qui
1638 1054 1868 1129 simul
1899 1080 2077 1129 cum
2104 1054 2402 1129 Isidoro
2420 1110 2443 1151 ,
2474 1056 2913 1155 DamasciO,

875 1188 1296 1286 Simplicio,
1321 1189 1535 1287 aliisq
1548 1189 1977 1286 ueantiquae
1996 1188 2381 1288 religionis
2400 1188 2916 1291 philosophis,

875 1322 1206 1399 Athenis
1257 1333 1332 1397 et
1377 1324 1702 1421 imperio
1742 1324 1791 1396 J
1794 1324 2155 1399 ustiniani
2198 1325 2523 1401 excessit
2556 1378 2579 1421 ‚
2640 1336 2915 1422 estque

877 1454 1188 1537 demum
1211 1482 1276 1531 a.
1307 1456 1452 1551 555
1473 1483 1517 1530 a
1534 1456 1870 1531 Chosroe
1902 1457 2302 1530 Persarum
2336 1481 2509 1555 rege
2534 1457 2617 1531 in
2634 1456 2913 1533 orbem

873 1590 1320 1666 Romanum
1348 1588 1703 1665 reductus
1738 1616 1757 1663 ε
1791 1587 1947 1666 vid.
1982 1590 2279 1663 Gibbon
2308 1592 2643 1689 History
2668 1592 2771 1685 os
2784 1590 2913 1663 the

876 1724 1162 1799 decline
1186 1726 1515 1818 andfall
1540 1737 1678 1799 etc.
1702 1724 1887 1799 Vol.
1916 1722 2043 1796 IV
2062 1726 2385 1798 London
2414 1724 2631 1820 1788.
2654 1724 2913 1821 4.pag.

877 1880 918 1933 1
935 1858 1046 1933 18.
1075 1882 1186 1954 sq.
1218 1856 1451 1955 Isque
1473 1858 1915 1932 Priscianus
1936 1856 2205 1957 Lydus
2236 1915 2260 1955 ‚
2290 1869 2579 1956 quanto
2605 1854 2910 1933 facilius

876 2018 1052 2067 cum
1075 1991 1302 2091 Lydo
1326 2006 1589 2069 nostro
1621 1990 1989 2069 confundi
2012 1994 2287 2093 possit,
2319 1994 2603 2091 quippe
2630 1992 2911 2092 oequali

831 2150 837 2157 ’
875 2151 1051 2222 suo,
1085 2137 1161 2200 et
1189 2127 1583 2227 populari,
1616 2127 1767 2202 hoc
1798 2128 2219 2203 accuratius
2246 2138 2359 2201 est
2390 2128 2485 2201 ab
2512 2150 2605 2202 eo
2634 2126 2910 2201 distin·

875 2258 1244 2359 guendus.
1281 2262 1546 2336 Venio
1572 2260 1667 2338 ad
1692 2260 2052 2336 historica
2077 2262 2353 2359 scripta
2392 2260 2599 2360 Lydi
2620 2262 2863 2337 nostri
2880 2318 2902 2356 ,

876 2418 1212 2491 quorum
1267 2390 1424 2469 duo
1483 2405 1663 2467 sunt
1714 2418 2007 2493 genera.
2058 2393 2368 2488 Altera,
2445 2418 2909 2492 quse-senex

875 2526 1152 2617 edidit,
1199 2524 1450 2602 adhuc
1493 2552 1593 2601 ex
1638 2538 1852 2625 parte.
1887 2528 2249 2602 extantia.
2288 2527 2548 2602 Altera
2588 2529 2683 2603 ab
2724 2526 2911 2603 ado-

872 2661 1200 2749 lescente
1217 2663 1675 2759 composita,
1700 2686 1870 2760 quae
1888 2662 2193 2762 penitus
2214 2673 2732 2751 evanuerunt:
2762 2688 2906 2737 nec

873 2794 1186 2871 fortasse
1221 2807 1402 2870 sunt
1442 2820 1783 2893 unquam
1820 2796 1905 2870 in
1936 2796 2218 2894 vulgus
2258 2796 2566 2893 prolata.
2604 2798 2705 2869 Et
2732 2795 2907 2871 ado·
2999 2852 3000 2858 η

873 2932 1162 3007 lescens
1191 2920 1501 3027 quidem
1532 2931 1833 3029 scripsit
1866 2928 1984 3027 1.)
2026 2932 2581 3005 Laudationem
2608 2911 2858 3005 Zo'tioi
2872 2988 2902 3022 ,
2994 2944 2998 3037 ι’

829 3072 846 3095 “
872 3066 962 3140 Ρ.
998 3064 1086 3140 P.
1129 3064 1324 3138 circa
1377 3090 1438 3139 a.
1495 3063 1665 3140 512.
1694 3118 1717 3157 ‚
1780 3076 2103 3163 patrono
2136 3076 2290 3139 tam
2326 3064 2714 3163 probatam
2740 3119 2763 3160 ,
2814 3074 2902 3138 ut
2992 3112 2994 3127 ·

871 3224 1018 3298 pro
1053 3196 1371 3295 singulis
1405 3199 1758 3274 versibus
1792 3196 2127 3296 singulos
2164 3196 2449 3302 solidos
2490 3219 2757 3271 aureos
2804 3194 2903 3271 dc
2988 3200 2992 3306 '¹

875 3356 1138 3407 mensa
1167 3328 1643 3407 Praefecturae
1678 3329 1902 3431 Lydo
1942 3342 2395 3405 numeraret.
2420 3326 2578 3421 vid.
2630 3352 2748 3403 111.
2784 3354 2902 3428 ⁸³7·
2984 3340 2988 3484 ¹1

877 3490 1044 3561 pag.
1126 3464 1288 3563 194.
1353 3476 1716 3539 renovata
1774 3462 2173 3537 Caracallae
2251 3462 2335 3535 in
2396 3462 2837 3563 Oppianum
2878 3524 2900 3563 ,
2982 3496 2984 3574 1

867 3598 1372 3693 ‚Octaviaequc
1404 3596 1535 3693 (ut
1560 3592 1853 3693 ferunt)
1886 3594 1973 3669 in
1995 3596 2084 3669 P.
2110 3594 2533 3693 Virgilium
2568 3596 2898 3676 liberali·-
2975 3674 2980 3752 Ι

867 3744 1050 3806 iate.
1093 3728 1398 3805 Deinde
1433 3727 1539 3827 2.)
1574 3730 2001 3825 Orationem
2032 3734 2115 3802 in
2146 3732 2447 3805 laudem
2478 3733 2896 3808 Juetiniam·
2973 3760 2978 3842 Ι

877 3866 1085 3960 Aug.
1101 3862 1435 3939 habitam
1464 3888 1718 3937 coram
1743 3862 2003 3958 legatis
2018 3862 2465 3959 amplissimi
2488 3862 2773 3939 ordinis
2792 3891 2891 3943 ex

880 4000 1098 4074 Urbe
1139 3996 1236 4073 ad
1265 3998 1731 4075 comitatum
1764 3998 2039 4073 missis.
2067 4020 2187 4073 ιιι.
2228 3996 2351 4077 28.
2384 4020 2548 4097 pag.
2574 3999 2739 4099 198.
2770 4002 2892 4079 Ab
