3050 5017
484 434 1041 493 nnlrnnmcan
1092 434 1497 491 ROMANAE
1545 438 1704 491 mn.
1757 444 1885 495 111.
2049 445 2185 525 271

138 538 551 645 cipiebat}
590 566 794 625 tanta
826 566 1079 623 autem
1124 566 1341 625 erant
1365 606 1387 642 ,
1436 566 1742 651 tamque
1776 556 2066 649 mollia,
2107 574 2200 633 ut

138 670 543 741 vomitum
568 674 638 743 ei
661 684 1083 760 moverent,
1116 694 1274 742 non
1312 669 1643 768 amplius
1669 674 2008 771 capiente
2028 699 2196 767 ore,

136 783 279 853 sed
303 790 669 859 torrentis
700 790 934 860 instar
954 786 1216 886 epulas
1246 801 1668 878 eructante,
1703 789 2202 889 periculoque

137 925 315 971 non
374 925 607 1001 parvo
646 902 977 977 labentes
1011 902 1404 1001 splendido
1450 904 1882 1002 pavimento
1925 905 2201 979 adula-

136 1030 363 1091 tores
398 1036 839 1119 exponente.
888 1022 1007 1093 Sic
1044 1019 1305 1118 agebat
1330 1073 1351 1109 ‚
1394 1034 1832 1119 putrescens
1857 1078 1878 1111 ‚
1951 1024 2202 1097 nocti-

136 1130 300 1205 bus
356 1134 518 1209 dies
547 1137 877 1237 jungens
914 1164 931 1209 ε
972 1150 1060 1209 ut
1099 1135 1279 1209 finis
1316 1136 1658 1235 epulanti
1691 1136 1958 1211 lucifer
1981 1192 2004 1227 ,
2056 1138 2198 1209 ini-

138 1249 359 1321 tium
404 1277 581 1325 vero
628 1255 1104 1351 negotiorum
1146 1251 1507 1351 hesperus
1545 1266 1756 1325 esset.
1795 1257 1902 1327 Ne
1939 1268 2198 1350 autem

141 1365 801 1463 impedimentum
838 1368 1029 1443 forte
1054 1368 1572 1468 voluptatibus
1597 1370 1917 1461 incidat,
1969 1370 2202 1443 semel

142 1482 453 1580 templo
468 1486 775 1581 justitiae
802 1490 1209 1580 (secretum
1236 1482 1427 1558 illud
1454 1488 1538 1559 in
1560 1487 1866 1582 judiciis
1893 1496 2198 1578 vocant)

140 1602 599 1693 renunciat,
622 1616 921 1677 tantum
946 1602 1301 1701 adparere
1322 1608 1405 1675 in
1426 1626 1515 1675 eo
1543 1603 1950 1695 sustinenS,
1981 1630 2159 1677 eum
2176 1658 2201 1695 ,

51 1728 55 1737 ’
142 1715 355 1789 dum
394 1719 497 1792 ob
534 1721 881 1794 ciborum
904 1712 1366 1795 ,immensam
1408 1722 1702 1821 copiam
1739 1721 2202 1797 circumfere-

142 1831 395 1911 hatur
414 1886 436 1926 ,
488 1836 1125 1911 eminentissimos
1169 1838 1686 1937 adparitorum
1723 1841 1970 1938 poenis
2012 1839 2200 1937 obji-

143 1966 383 2023 ceret.
414 1956 454 2023 J
458 1953 713 2027 udices
743 1971 997 2029 autem
1030 1970 1231 2027 creat
1255 1958 1339 2027 in
1364 1958 1668 2055 porticu
1695 1958 2162 2055 imperatoris
2179 2008 2202 2046 ‚

148 2084 245 2141 ut
264 2123 291 2158 ‚
349 2068 537 2141 dum
572 2070 683 2143 illi
711 2076 1181 2171 pecuniarias
1200 2098 1455 2147 causas
1474 2073 1827 2147 audirent
1843 2126 1864 2165 ,
1897 2076 2089 2174 ipse,
2112 2090 2204 2147 ut

144 2184 397 2258 modo
418 2184 785 2279 diximus,
826 2188 1187 2289 vigilaret.
1224 2202 1231 2207 '

252 2296 385 2374 66.
434 2304 671 2375 Nemo
697 2306 951 2403 itaque
982 2304 1381 2378 advocatus
1401 2359 1423 2395 ,
1468 2306 1606 2402 qui
1642 2326 1908 2378 ornare
1947 2302 2204 2379 defen·-

150 2416 456 2489 sionem
491 2434 567 2493 et
600 2443 997 2499 summum·
1026 2414 1545 2520 magistratum
1573 2444 1872 2493 movere
1908 2434 2155 2518 posset
2178 2474 2206 2511 ,
2245 2480 2250 2488 .

148 2552 393 2629 porro
414 2530 859 2634 eloquentiae
884 2536 1212 2629 studuit3
1249 2560 1428 2611 cum
1458 2549 1713 2634 postea
1741 2534 1940 2607 nihil
1969 2536 2048 2606 in
2081 2542 2204 2607 Se·-

154 2662 371 2745 creto
411 2664 887 2745 tractaretur,
940 2679 1187 2753 neque
1230 2653 1686 2751 deprecatiO,
1719 2639 1994 2749 'neque
2036 2654 2204 2723 uni·

154 2766 525 2841 membris
544 2772 739 2842 ac'tio
760 2824 783 2859 ‚
815 2794 1063 2869 neque
1094 2770 1520 2858 aestimatiO,
1553 2788 1802 2865 neque
1837 2768 2156 2863 aequatio
2175 2821 2200 2857 ,

154 2906 417 2981 neque
435 2882 644 2958 aliud
666 2887 983 2958 omnino
1010 2912 1027 2955 x
1054 2910 1287 2984 quare
1316 2907 1544 2957 nemo
1572 2906 1832 2969 eorum
1856 2935 1876 2971 ‚
1915 2883 2053 2980 qui
2067 2906 2208 2955 an·

160 3014 279 3073 tea
301 3002 675 3098 ejusmodi
694 3006 779 3075 in
804 3002 1275 3075 orationibus
1292 3026 1471 3075 cum
1494 2999 1716 3073 laude
1731 3001 2006 3073 versari
2025 3024 2267 3083 con-v

158 3132 561 3193 sueverant
576 3174 597 3209 ,
632 3122 715 3195 in
739 3118 913 3193 ullis
936 3144 1165 3219 porro
1196 3141 1500 3218 operam
1522 3120 1798 3217 posuit.
1828 3116 1970 3192 Cui
1991 3121 2200 3189 enim

164 3234 391 3332 opem
424 3235 753 3329 tulisset,
798 3252 933 3309 aut
954 3260 1092 3309 cur
1123 3234 1477 3311 laudibus
1501 3247 1852 3323 vacasset3
1898 3256 2076 3306 cum
2103 3258 2208 3305 ne

166 3354 377 3425 testis
402 3354 711 3451 quidem
752 3358 1157 3455 quisquam
1186 3353 1507 3441 adesset,
1553 3364 1690 3424 aut
1711 3352 2032 3424 omnino
2061 3353 2203 3448 qui

164 3466 473 3545 laudare
505 3472 967 3567 judiciorum
1018 3472 1334 3546 formam
1390 3482 1636 3570 posset
1655 3468 1694 3543 ¹?
1748 3467 1935 3539 Inde
1971 3469 2204 3566 periit

168 3582 514 3658 officium
536 3614 557 3680 ;
588 3604 665 3661 et
685 3614 860 3663 cum
886 3616 1119 3665 causae
1147 3588 1373 3663 nullae
1396 3600 1642 3663 essent
1659 3639 1682 3676 ,
1714 3582 2072 3673 deformis
2096 3606 2203 3657 so-

170 3696 419 3775 litudo
443 3703 821 3800 judicium·
850 3708 1147 3799 evertit,
1186 3730 1361 3781 cum
1389 3705 1678 3809 gemitu
1703 3700 2202 3803 lacrgmisque

258 3950 329 4035 5)
369 3950 515 4017 Cod.
543 3978 730 4038 πηραςι
