3050 5017
436 510 995 565 nmrunmcu
1042 484 1463 561 nomint
1511 513 1668 563 mn,
1721 514 1810 561 ιι.
2015 494 2154 591 ι47

110 621 442 720 scriptos
470 621 803 722 reliquit.
840 618 1345 696 Simulacrum
1386 620 1630 718 igitur
1669 644 1836 695 eam
1878 634 1955 695 et
1997 647 2161 723 spe·

112 742 317 812 ciem
342 740 645 815 obscuri
664 736 991 838 exempli
1018 737 1112 812 ad
1136 735 1345 810 illam
1372 762 1530 811 esse
1549 739 1936 836 judicans,
1969 738 2164 815 duos

114 861 186 933 ei
220 875 579 959 praetores
604 858 951 933 sufficere
978 857 1387 930 arbitratus
1417 872 1530 931 est
1554 913 1574 947 ‚
1614 872 1926 957 propter
1961 860 2164 931 inco·

113 974 373 1048 larum
409 992 487 1049 et
510 958 903 1052 causarum
931 974 1409 1073 paucitatem.
1427 978 1487 1045 E
1506 973 1881 1074 phalange
1906 976 2167 1073 itaque

115 1091 340 1165 urbis
371 1098 621 1167 Romae
660 1108 1071 1195 praetorum
1106 1088 1548 1163 tutelarium
1581 1105 1802 1165 creat,
1938 1088 2160 1162 illum

118 1211 757 1282 Constantianum
778 1262 799 1299 ,
846 1208 1059 1281 hunc
1093 1208 1540 1307 magistrum
1573 1230 1844 1281 census
1871 1205 1990 1297 (id
2015 1218 2162 1297 est,

112 1324 549 1425 archetypis
597 1324 1123 1399 instrumentis
1154 1325 1697 1425 praepositum3
1759 1323 1942 1421 quia
1988 1347 2161 1395 cen·

114 1466 295 1515 sum
380 1457 651 1517 vocant
718 1445 1403 1518 instrumentorum
1470 1438 2098 1539 per-scriptionem
2138 1490 2162 1529 ,

116 1582 357 1657 quam
390 1558 709 1647 eandem
736 1573 812 1631 et
842 1571 1123 1657 regesta
1150 1556 1467 1645 dieunt)
1506 1553 1956 1654 adpellavit;
1993 1554 2164 1627 scri·

118 1676 455 1775 bamque
506 1675 669 1767 illi,
717 1676 800 1749 id
840 1690 953 1751 est
976 1730 997 1766 ,
1056 1688 1528 1776 exceptorem
1557 1726 1580 1763 ‚
1640 1686 1720 1744 et
1777 1669 2166 1747 censuales
2281 1764 2290 1774 ,

114 1792 307 1865 huic
323 1848 343 1885 ‚
397 1792 477 1865 id
506 1808 617 1866 est
635 1848 657 1884 ‚
704 1794 1366 1867 instrumentarios
1390 1846 1411 1882 ,
1476 1788 1836 1890 adparere
1888 1787 2156 1867 voluit.
2283 1830 2288 1833 -

116 1912 383 1983 Nostra
428 1924 683 1981 autem
712 1914 965 1983 Roma
1013 1912 1153 2001 (sit
1192 1908 1403 1983 dicto
1452 1907 1673 1980 venia
1696 1903 1768 1994 1)
1829 1906 2158 2004 primam

114 2026 305 2099 adeo
334 2027 675 2126 potentia
702 2026 1155 2117 obscurante
1176 2080 1197 2117 ,
1238 2025 1602 2127 ,optimus
1637 2035 1893 2093 noster
1923 2025 2156 2121 impe-

118 2158 325 2227 rator
355 2141 654 2216 urbano
680 2144 905 2215 etiam
938 2158 1255 2243 proetore
1278 2164 1473 2241 opus
1497 2164 1540 2211 e
1679 2137 1922 2211 duxit.
1941 2140 2160 2211 Creat

119 2260 375 2359 itaque
400 2283 579 2332 eum
600 2313 621 2350 ,
668 2282 964 2359 suoque
992 2258 1307 2333 nomine
1342 2254 1550 2329 illust
1585 2266 1588 2268 “
1635 2267 1700 2343 t,
1745 2252 1978 2325 simul
2019 2278 2154 2353 po-

116 2374 283 2473 puli
306 2374 576 2447 delicta
600 2398 1111 2474 aggressuruS,
1140 2372 1372 2449 simul
1395 2368 1915 2474 praefecturam
1939 2368 2154 2445 urbis

119 2492 485 2566 immensa
514 2514 869 2598 curarum
905 2492 1105 2571 mole
1138 2492 1515 2595 sapienter
1547 2487 1822 2577 levans.
