3050 5017
715 478 840 529 nr.
887 472 1264 529 sontum·
1311 470 1595 525 rano.
2066 439 2179 539 123

145 626 406 699 liberae
429 622 643 716 illius
667 634 894 720 atque
917 618 1318 699 fortunatae
1340 614 1689 709 Graeciae,
1712 613 1793 688 in
1819 612 2187 710 scriptore

157 758 538 835 inclinatas
593 755 1149 831 consumsisset.
1205 750 1378 825 Nee
1411 759 1705 823 memet
1756 746 2007 844 ipsum
2057 745 2190 821 hio

159 890 570 967 consistere
602 891 888 989 patitur
914 884 1374 989 praefationis
1397 882 1835 959 institutum
1884 904 1902 950 ε
1954 904 2191 977 quare

161 1026 384 1122 siqua
420 1036 600 1099 sunt
654 1034 1012 1122 praeterea
1037 1077 1058 1117 ,
1120 1020 1402 1118 quibus
1453 1014 1689 1092 editio
1736 1012 2195 1089 Schowiana

163 1154 552 1263 emendari
603 1156 876 1253 possit,
938 1154 1134 1230 sicut
1173 1164 1396 1246 sunt,
1451 1176 1540 1225 ea
1586 1147 2059 1223 commodius
2107 1146 2191 1221 in

161 1289 370 1366 notis
423 1286 518 1363 ad
573 1286 858 1363 librum
907 1285 1003 1361 de
1061 1285 1397 1362 Ostentis
1458 1292 1961 1381 exponentur.

254 1554 677 1631 XXVIII
717 1552 866 1631 Sed
891 1554 1154 1631 illuxit
1180 1552 1482 1629 tandem
1509 1546 1919 1651 aliquando
1945 1548 2193 1625 laetior
2295 1544 2496 1591 xum·

163 1689 394 1793 Lydo
437 1688 598 1763 dies
635 1713 698 1761 a.
751 1688 970 1785 1784.
1015 1712 1192 1763 cum
1241 1670 1900 1784 Constantinopoli
1946 1692 2193 1783 ageret
2222 1642 2572 1763 ῗωηὲἶαῗω

162 1822 790 1901 christianissimi
874 1823 1068 1921 regis
1151 1820 1244 1897 ad
1323 1834 1619 1919 portam
1680 1820 2195 1896 Othomanam
2263 1798 2347 1837 α’
2278 1788 2529 1913 ,ξζζῖἴ

161 1955 610 2059 splendidus
625 1958 946 2057 legatus,
966 1944 1683 2056 GabrielAugustus
1701 1953 2197 2065 deChoiseu17
2225 1958 2283 2064 ζΡ
2250 1942 2571 2073 mudcum‘m‘
2532 2008 2571 2051 e

163 2089 567 2182 Gouffier‚
608 2087 1086 2187 publicarum
1119 2113 1376 2165 rerum
1405 2089 1719 2165 scientia
1752 2114 1914 2165 non
1944 2088 2199 2161 minus
2290 2091 2516 2148 ‘9⁸³⁰‘

167 2252 402 2326 quam
422 2222 656 2323 gloria
677 2221 1342 2321 majorumclarus,
1377 2234 1452 2297 et
1471 2224 1555 2298 in
1580 2234 1979 2320 utramque
1998 2222 2201 2297 Aca-

170 2361 506 2446 demiam
537 2357 724 2433 ino
701 2382 852 2455 jam
881 2367 1222 2455 tempore
1247 2360 1689 2456 cooptatus:
1720 2382 1899 2433 cum
1930 2357 2011 2433 in
2038 2382 2205 2479 eam

167 2515 346 2592 quae
367 2488 974 2587 Inscriptionum
1001 2490 1454 2588 vocabatur,
1475 2489 2007 2567 eruditissimis
2034 2464 2207 2567 acu-

165 2625 636 2721 tissimisque
675 2621 1125 2699 hominibus
1165 2624 1500 2705 maxime
1536 2636 1723 2697 tunc
1752 2624 2205 2701 florentem.

173 2774 348 2837 tum
375 2760 464 2834 in
491 2757 844 2855 alteram,
882 2760 1098 2857 cujus
1120 2759 1450 2857 glorioso
1478 2759 1736 2833 labore
1770 2771 1845 2834 et
1878 2732 2209 2833 Franco-

173 2922 354 2971 rum
377 2894 620 2969 literae
643 2894 1171 2973 immortaliter
1199 2894 1593 2971 illustratae
1618 2906 1833 2989 sunt,
1872 2906 1945 2971 et
1971 2895 2210 2969 incor-

169 3040 404 3129 rupta
451 3039 564 3101 est
619 3028 992 3103 sermonis
1040 3028 1284 3103 nostri
1341 3028 1733 3127 integritas
1783 3043 2211 3104 constanter

169 3172 644 3240 conservata.
695 3161 772 3234 Is
813 3162 1327 3238 nobilissimus
1374 3165 1501 3237 vir
1530 3220 1551 3257 ,
1618 3138 2044 3239 liberalium
2100 3190 2209 3238 ar·

166 3299 369 3374 tium
393 3297 795 3394 omnisque
822 3295 1316 3371 humanitatis
1347 3296 1573 3372 laude
1600 3296 2171 3375 commendatus
2190 3354 2213 3394 ,

173 3456 356 3507 cum
407 3430 494 3503 in
539 3430 787 3529 primo
842 3431 1273 3529 juventutis
1315 3428 1502 3506 flore
1540 3442 1643 3507 ‚et
1702 3434 2215 3509 maximarum

165 3588 442 3641 rerum
481 3588 712 3639 eursu
739 3575 964 3659 esset,
995 3565 1148 3664 jam
1174 3574 1359 3639 tunc
1380 3590 1537 3662 prae
1561 3564 1923 3642 doctrinae
1961 3566 2215 3643 studio

167 3698 486 3775 delicias
518 3711 957 3796 aspernatus
977 3698 2107 3797 Graeciamlustrarestatuerat,
2142 3704 2218 3777 et

169 3834 671 3931 antiquorum
716 3830 1122 3907 hominum
1154 3856 1414 3907 manes
1450 3858 1539 3905 ae
1568 3833 1851 3930 species
1894 3834 2217 3909 interro-

171 3981 599 4095 gare‚;per
629 3978 741 4043 tot
783 3970 1132 4057 urbium,
1183 3966 1815 4067 Athenarumque
1846 3972 2179 4068 ipsarum
2196 4027 2253 4069 „.
