3050 5017
458 401 1005 466 urrunnun
1054 407 1451 460 nonnula
1504 408 1663 463 ιη.
1715 413 1805 462 u.
2013 385 2154 466 103

112 515 521 624 praeferant
540 577 561 614 ,
582 545 723 621 per
749 544 941 620 quos
959 519 1235 594 volunt
1250 519 1479 594 duces
1493 577 1514 612 ,
1539 521 1658 596 vel
1685 543 1823 622 per
1850 547 2046 623 quos
2067 523 2163 600 le-

114 657 327 741 gatos
346 641 667 714 Romani
690 653 965 714 vocant
982 692 1004 730 ,
1027 625 1111 709 {d
1132 652 1242 712 est
1257 693 1279 726 ,
1304 635 1689 713 inferioris
1713 637 2004 714 ordinis
2026 640 2166 714 du·-

116 785 241 834 ces
269 815 293 852 ,
333 757 551 848 obvia
578 757 775 831 bella
800 757 1355 830 administrant.
1388 753 1544 830 soli
1573 761 1928 857 magistro
1952 759 2168 859 equi-

116 893 291 951 tum
312 861 343 968 ',
391 900 549 976 quo
601 875 807 950 solus
834 897 1157 975 regnans
1186 871 1477 974 Lepido
1510 895 1695 948 usus
1728 893 1840 950 est
1860 933 1882 970 ,
1925 889 2200 977 potes-³

116 995 355 1068 ta‘tem
371 1049 393 1085 ,
416 1017 738 1093 eamque
768 993 1212 1066 auctoritate
1236 1008 1534 1066 auctam
1559 989 1910 1096 re1iquit:
1937 1019 2170 1095 quem

118 1139 303 1190 cum
352 1129 523 1215 post
562 1137 743 1188 eum
796 1114 1253 1188 Octavianus
1291 1117 1573 1206 Caesar,
1617 1119 1736 1191 uti
1796 1115 2176 1204 diximus,

120 1232 562 1334 praefectum
606 1260 765 1308 non
803 1232 990 1308 aulae
1022 1247 1323 1308 tantum
1358 1289 1380 1326 ,
1430 1245 1718 1310 verum'
1751 1238 1975 1310 etiam
2014 1261 2174 1310 om-

122 1353 353 1424 nium
386 1351 779 1451 copiarum
804 1405 827 1442 ,
862 1374 1001 1424 nec
1028 1373 1189 1424 non
1225 1349 1467 1426 civilis
1492 1349 1731 1426 officii
1754 1408 1775 1445 ‚
1802 1356 1930 1428 cui
1957 1369 2180 1428 antea

126 1493 291 1540 non
348 1465 749 1568 praefuerat
786 1521 809 1559 ,
862 1469 1422 1560 constituissem
1488 1472 1706 1570 quasi
1766 1465 2178 1570 paululum

130 1587 535 1659 immutata
584 1609 767 1660 voce
826 1611 869 1660 e
922 1583 1475 1660 consuetudine
1535 1613 1696 1660 non
1749 1587 2133 1662 observata
2157 1641 2182 1678 ‚

130 1711 403 1802 ὕπαρχος
442 1725 583 1801 pro
634 1714 929 1803 ἵππαρχος
943 1703 991 1802 ·(
1010 1699 1405 1802 praefectus
1452 1705 1804 1804 praetorio
1847 1717 1988 1804 pro
2026 1727 2182 1778 ma·-

133 1819 368 1918 gistro
396 1819 789 1919 equitum)
810 1820 1061 1894 dictus
1086 1835 1217 1894 est.
1246 1823 1351 1894 Ac
1376 1823 1630 1894 Romae
1650 1820 1962 1921 quidem
1991 1825 2184 1920 (qua

134 1934 293 2008 sola
311 1935 397 2007 in
426 1931 617 2018 ,urbe
646 1935 819 2008 aula
849 1935 1219 2037 palatium
1249 1939 1498 2012 vocari
1520 1935 1708 2010 solet
1734 1937 1767 2034 )
1793 1936 2190 2038 praefeotus

136 2057 439 2131 Caesaris
486 2040 879 2130 dicebatnr
902 2111 923 2146 ,
982 2071 1073 2131 ut
1118 2068 1297 2155 pote
1348 2058 1648 2156 primus
1711 2054 1810 2130 ab
1869 2053 2046 2146 illo;
2101 2056 2186 2128 in

140 2177 405 2252 eastris
427 2200 607 2250 vero
622 2176 652 2274 (
662 2159 765 2250 it‘a
788 2192 1042 2249 autem
1056 2177 1379 2250 Romani
1399 2175 1706 2269 dieunt,
1721 2173 1934 2278 quod
1951 2175 2194 2249 Graeci

136 2283 229 2366 ⁴in
260 2292 465 2367 bello
482 2291 893 2392 παρεμβολὰς)
920 2289 1313 2392 praefectus
1332 2294 1716 2392 praetorio:
1739 2293 1957 2364 ducis
1981 2293 2192 2365 enim

142 2411 352 2514 apud
378 2428 665 2486 exteros
694 2405 1174 2486 domicilium
1203 2464 1226 2503 ‚
1262 2413 1704 2513 praetorium
1743 2409 1894 2485 illis
1929 2421 2198 2486 vocare

140 2531 436 2633 placuit
456 2583 479 2623 ‚
514 2531 861 2629 quamvis
904 2528 1096 2603 forte
1140 2531 1393 2630 ipsum
1430 2534 1782 2604 ssaesarem
1828 2529 1910 2603 in
1945 2556 2035 2603 eo
2071 2529 2196 2602 de·

144 2647 1099 2748 gevemntingat.Gravem
1122 2669 1303 2720 vero
1325 2646 1554 2718 etiam
1587 2669 1885 2720 causam
1916 2641 2204 2747 reperi²

150 2789 290 2837 cur
314 2761 645 2866 puefecti
672 2787 957 2836 nomen
990 2766 1215 2837 etiam
1244 2757 1501 2836 addito
1522 2768 2058 2862 praetoriorum
2089 2759 2202 2834 di-

146 2886 633 2983 stinguatur3
670 2894 758 2955 ut
790 2880 885 2954 ad
930 2879 1226 2982 aliquid
1273 2879 1643 2957 referatur
1684 2879 2206 2980 magistratu-⁰0,

156 3003 781 3102 exprimaturque
817 2999 981 3097 ejus
1008 3001 1457 3090 eminentia,
1492 3023 1750 3098 neque
1785 2995 1988 3072 idem
2022 3020 2206 3071 cum

156 3119 513 3222 praefecto
544 3117 758 3191 urbis
783 3141 1068 3190 nomen
1100 3112 1375 3189 habere
1401 3113 1749 3189 videatur
1769 3171 1790 3207 ‚
1827 3141 2058 3215 quem
2085 3139 2212 3214 pa-

2283 1935 2316 1966 X

160 3241 353 3313 riter
383 3235 817 3338 praefectum
858 3231 1317 3336 adpellatum
1366 3255 1519 3305 esse
1547 3287 1569 3325 ,
1623 3257 1853 3333 supra
1881 3231 2210 3306 ostendi·
2315 3227 2320 3234 ’

166 3381 349 3430 mus
368 3409 391 3448 ,
427 3379 607 3428 cum
662 3369 881 3428 antea
930 3366 1223 3453 praetor.
1240 3350 1582 3424 urbanus
1630 3350 1880 3424 dictus
1925 3345 2214 3426 fuisset.

164 3473 669 3574 Tranquillus
722 3473 957 3572 igitur
995 3471 1395 3572 Septimio,
1436 3469 1577 3568 qui
1630 3485 1797 3544 tum
1831 3484 1992 3542 erat
2023 3461 2216 3569 ῥιπ-

170 3593 419 3668 fectus
447 3592 1067 3691 proetorianarum
1102 3589 1532 3661 cohortium
1558 3640 1579 3677 ,
1613 3591 1980 3660 cmx-nm
2027 3587 2218 3658 vitas

174 3733 569 3810 exponens
589 3762 610 3799 ‚
655 3705 1088 3807 proefectum
1122 3730 1301 3780 eum
1346 3706 1969 3806 praetorianorum
2019 3702 2218 3776 ordi-

178 3851 375 3902 num
398 3881 421 3918 ,
448 3840 525 3898 et
557 3824 1023 3926 phalangum
1058 3825 1329 3900 ducem
1374 3847 1530 3898 esse
1563 3817 1914 3897 ostendit.
1967 3821 2221 3913 Quare

266 3973 345 4049 4)
384 3969 539 4034 cod.
578 3976 865 4035 ἀποτίνων,
