3050 5017
807 457 955 530 lxx
1444 475 2205 530 comnena-Aruns

810 621 1026 697 omni
1081 619 1398 696 Oriente
1427 619 1671 695 multa
1698 645 1927 718 porro
1962 631 2411 718 supersunt,
2462 619 2555 696 in
2602 621 2861 697 Thes-

810 755 994 832 salia
1027 754 1448 854 praesertim
1483 767 1561 830 et
1594 755 1683 830 in
1715 764 1977 830 monte
2002 753 2253 847 Atho,
2294 754 2869 830 vetustissimos

812 915 1158 991 quosque
1185 888 1424 969 libros
1451 888 1733 988 cupide
1758 889 2251 986 conquisivit.
2272 887 2367 962 Id
2396 901 2558 963 erat
2590 890 2871 964 eitum

812 1022 1170 1126 perfacile
1209 1021 1410 1099 factu
1439 1077 1461 1116 ‚
1504 1033 1901 1121 propterea
1942 1021 2149 1120 quod
2184 1033 2263 1096 et
2306 1020 2508 1121 apud
2554 1049 2850 1122 purpu-

739 1249 756 1259 .
820 1169 1024 1234 ratos
1059 1156 1529 1257 permultum
1564 1159 1801 1256 gratia
1827 1213 1855 1246 ,
1904 1158 1991 1232 in
2024 1159 2335 1234 Graecos
2354 1170 2607 1234 autem
2630 1158 2865 1256 longe

814 1291 1242 1392 plurimum
1302 1291 1643 1389 potentia
1698 1291 2021 1368 valebat.
2072 1291 2191 1366 Ita
2240 1293 2465 1367 brevi
2514 1305 2873 1390 tempore

659 1527 676 1540 .
815 1449 1104 1524 magnae
1131 1423 1510 1500 librorum
1550 1427 1787 1524 copiae
1826 1437 1940 1530 eet
1986 1453 2299 1526 compos
2337 1424 2613 1518 factus,
2672 1449 2863 1500 cum

814 1560 1360 1658 impressorum
1393 1613 1419 1655 ‚
1483 1571 1649 1636 tum
1686 1561 2022 1636 maxime
2055 1587 2291 1636 manu
2322 1571 2863 1636 exaratorum:

815 1717 1150 1790 quorum
1176 1693 1454 1792 partim
1481 1703 1669 1766 tunc
1694 1691 2207 1770 intercedente
2224 1689 2865 1769 Christianissimi

817 1826 1050 1924 Regis
1071 1826 1314 1924 legato
1335 1825 1791 1902 Marchione
1812 1824 1909 1902 de
1934 1827 2437 1910 Villeneufve
2462 1825 2827 1922 descripti
2842 1879 2869 1919 ‚

819 1957 1400 2057 apographaque
1413 1958 1496 2034 in
1513 1959 1847 2034 Galliam
1861 1959 1955 2036 ad
1972 1961 2523 2038 Bibliothecam
2540 1959 2867 2057 Regiam

821 2094 1049 2168 missa
1075 2104 1292 2187 sunt,
1357 2093 1495 2167 ubi
1515 2090 1771 2168 adhuc
1800 2106 2207 2172 servantur
2236 2119 2255 2170 ε
2286 2091 2659 2193 ejusmodi
2684 2101 2873 2166 sunt

823 2226 1060 2300 ded.
1087 2227 1225 2301 Gr.
1247 2227 1400 2300 No.
1431 2225 1648 2301 2618.
1681 2225 1901 2301 2641.
1927 2227 2145 2303 2642.
2172 2227 2387 2304 2668.
2422 2226 2641 2324 2649.
2662 2221 2867 2298 confi

825 2363 1198 2434 Memoire
1237 2360 1655 2456 historique
1700 2385 1839 2434 sur·
1886 2361 1968 2432 la
2018 2362 2549 2458 Bibliothaque
2580 2364 2687 2434 clu
2716 2361 2875 2434 Ros·

825 2492 911 2566 in
943 2491 1267 2590 Catalog.
1294 2491 1562 2566 libror.
1584 2493 1923 2590 impress.
1944 2493 2311 2570 Biblioth.
2344 2495 2535 2593 Reg.
2570 2495 2775 2568 Part.
2804 2491 2870 2565 Ι.

827 2651 996 2725 pag.
1051 2625 1243 2722 lxv'j.
1293 2627 1420 2702 Ex
1481 2623 1743 2700 eadem
1787 2627 2449 2704 Maurocordatina
2489 2625 2871 2702 Codicum

831 2760 1050 2858 copia
1086 2761 1158 2832 J.
1193 2760 1288 2836 A.
1321 2759 1722 2834 Fabricius
1745 2761 2217 2836 Prooemium
2244 2787 2333 2836 ac
2354 2761 2609 2857 priora
2624 2760 2873 2856 capite

831 2891 1522 2970 Demonstrationis
1557 2892 2037 2991 Evangelicae
2064 2893 2513 2970 Eusebianae
2542 2893 2877 2968 literato·

831 3051 1010 3100 rum
1039 3027 1306 3101 usibus
1331 3036 1608 3125 praeter
1654 3051 1867 3122 spem
1899 3025 2266 3116 restituit,
2306 3038 2393 3100 ut
2416 3027 2582 3126 ipse
2610 3036 2877 3102 auctor
2922 3015 2937 3045 '

719 3230 728 3241 .
833 3171 951 3236 est
987 3157 1340 3258 praefatus
1375 3158 1731 3236 Delectui
1768 3160 2151 3258 scriptorr.
2182 3187 2327 3261 pro
2355 3162 2579 3238 verit.
2620 3158 2874 3256 Relig.

836 3293 1111 3370 Christ.
1142 3295 1561 3394 Hamburg.
1596 3294 1811 3393 1725.
1850 3295 1922 3370 4.
1952 3294 2293 3370 Eandem
2320 3292 2879 3371 Bibliothecam

839 3439 914 3503 et
939 3429 1166 3504 multi
1183 3429 1317 3516 alii
1342 3429 1583 3506 literis
1610 3453 1701 3502 ac
1722 3429 2237 3504 monumentis
2260 3428 2877 3513 celebraverunt,

839 3572 918 3636 et
937 3562 1356 3636 novissime
1379 3559 1703 3635 editores
1723 3561 2095 3634 Actorum
2108 3561 2619 3638 literar-iorum
2642 3585 2881 3662 groece

843 3693 1300 3791 scriptorum
1333 3680 1583 3792 (Ερμῆς
1612 3695 1863 3788 ὁλόγιος
1888 3695 1925 3768 ἢ
1948 3698 2307 3793 φιλολογικαὶ
2334 3695 2635 3793 ἀγγελίαι)
2666 3695 2881 3770 Vin-

847 3825 1191 3922 dobonoe‚
1211 3827 1767 3902 mens.Januar.
1800 3823 1935 3902 181
1956 3829 2109 3902 1.8.
2138 3855 2301 3928 pag.
2336 3809 2615 3931 19.Sed
2634 3829 2883 3904 Nico-

787 3979 794 3996 ·
839 3958 970 4040 ›lao
991 3959 1575 4036 Maurocordato
1598 3981 1703 4034 a.1
1722 3959 1867 4056 750
1880 3958 2248 4058 extincto,
2268 3976 2575 4062 totaque
2594 3951 2881 4042 familia
