3050 5017
781 437 1013 535 lxviij
1417 460 2193 514 COMMENTARIUS

673 663 686 676 .
795 607 915 678 Im
927 587 1590 702 perialis‘custodia
1608 609 2055 686 Graecorum
2068 611 2679 706 Latinorumque
2700 631 2823 678 co·-

793 738 1054 812 dicum
1079 737 1272 814 mihi
1288 739 1791 822 mandaretur.
1808 743 2039 834 Quod
2050 743 2386 818 officium
2404 742 2827 839 utprimum

795 872 1053 966 tenui,
1085 897 1348 946 omnes
1365 898 1609 970 curas,
1630 877 2158 971 cogitationes,
2194 875 2444 950 studia
2474 873 2569 948 ad
2594 897 2833 946 unam

795 1030 1164 1082 revocare
1232 1007 1394 1080 re'm
1459 1011 1801 1104 oportuit
1828 1065 1849 1102 ,
1921 1007 2439 1106 'codicumque
2520 1007 2833 1082 Graeoo-

795 1165 974 1214 rum
1025 1139 1372 1214 omnium
1402 1197 1424 1236 ‚
1493 1142 1874 1238 proximis
1920 1143 2442 1241 superioribus
2476 1141 2699 1215 annis
2728 1163 2833 1212 ex

797 1271 1042 1346 'variis
1095 1271 1336 1346 Italiae
1381 1272 1681 1370 oppidis
1728 1299 1919 1374 eque
1972 1278 2160 1352 urbe
2207 1278 2369 1374 ipsa
2414 1277 2501 1349 in
2545 1273 2839 1350 Biblio-

799 1403 1106 1478 thecam
1186 1419 1713 1502 congestorum
1772 1465 1793 1502 ,
1880 1409 2309 1504 notationes
2380 1407 2759 1484 conficere
2812 1461 2838 1500 ‚

797 1564 964 1612 -non
1023 1565 1192 1636 quae
1247 1542 1563 1615 nomina
1612 1555 2011 1618 auctorum
2056 1542 2469 1639 titulosque
2516 1563 2841 1637 operum

800 1673 1052 1748 nudos
1077 1673 1448 1748 haberent
1471 1732 1494 1770 ,
1525 1675 1657 1750 sed
1686 1703 1859 1773 quae
1892 1691 2187 1752 aetatem
2214 1733 2235 1770 ,
2278 1676 2645 1750 virtutem
2668 1727 2690 1764 ,
2718 1696 2843 1744 ar-

803 1819 1160 1904 gumenta,
1211 1806 1561 1882 codicum
1602 1822 1945 1884 accurate
1988 1809 2461 1884 indicarent:
2504 1817 2591 1882 ut
2620 1805 2843 1902 quic-

807 1937 990 2036 quid
1042 1939 1408 2035 cujusque
1451 1922 1778 2014 auctoris
1812 1942 2077 2016 inediti
2128 1941 2412 2016 editive
2464 1940 2545 2012 in
2590 1940 2843 2035 singu-

805 2070 900 2144 lis
954 2067 1156 2144 foliis
1209 2073 1901 2171 manuscriptorum
1956 2085 2202 2170 esset,
2290 2099 2451 2149 uno
2534 2081 2847 2171 aspectu

809 2217 1409 2300 cognosceretur.
1493 2208 1611 2278 Ita
1669 2207 2023 2282 invelavi
2080 2207 2161 2278 in
2224 2205 2424 2280 hanc
2486 2227 2847 2300 operam,

811 2363 972 2412 non
1023 2335 1252 2410 modo
1288 2341 1502 2435 jussu
1544 2339 2089 2416 Praefectorum
2140 2338 2627 2438 Bibliotheeae
2655 2393 2678 2430 ,
2715 2333 2851 2408 sed

819 2469 1112 2564 impetu
1174 2471 1398 2546 etiam
1465 2474 1619 2546 acri
1665 2473 1996 2571 quodam
2030 2473 2307 2567 animi,
2356 2497 2443 2546 ac
2488 2470 2852 2578 volunta-

816 2601 960 2672 tis:
1017 2600 1326 2677 taedium
1377 2616 1629 2678 autem
1658 2661 1679 2700 ,
1736 2630 1892 2702 quo
1923 2601 2141 2680 facile
2174 2603 2623 2701 intelligitur
2654 2602 2851 2696 ejus-

819 2732 1034 2808 modi
1069 2735 1406 2812 laborem
1437 2765 1597 2812 non
1634 2763 1885 2814 carere
1910 2793 1929 2831 ,
1978 2737 2282 2812 levabat
2306 2791 2331 2826 ,
2382 2749 2611 2834 atque
2660 2732 2853 2822 adeo

755 2871 768 2884 ‘
817 2841 1220 2944 amovebat
1263 2897 1430 2968 spes
1473 2871 1697 2968 (quae
1748 2895 1905 2945 non
1952 2869 2273 2944 omnino
2320 2894 2444 2944 me
2494 2864 2853 2959 fefellit),

817 3025 943 3074 me
989 3014 1506 3101 reperturum,
1557 3006 1639 3078 in
1673 3002 1797 3078 his
1828 3001 2215 3077 codicibus
2250 3056 2271 3096 ‚
2333 3001 2674 3074 abstrusa
2710 2999 2856 3074 ali-

819 3129 970 3232 qua
1020 3191 1042 3230 ,
1109 3161 1196 3210 ac
1260 3137 1430 3211 luce
1473 3163 1633 3212 non
1678 3135 2009 3235 indigna.
2060 3133 2207 3212 Sed
2260 3136 2565 3208 interim
2613 3132 2855 3232 depo-

823 3267 1076 3345 nenda
1135 3282 1295 3344 erat
1352 3273 1601 3345 omnis
1656 3269 1749 3344 de
1816 3269 2041 3369 Lydo
2114 3267 2483 3366 cogitatio.
2520 3267 2807 3358 .Quare
2828 3326 2851 3363 ,

825 3403 1187 3498 quoniam
1219 3405 1380 3500 ipse
1425 3429 1742 3476 munere
1782 3400 1997 3499 fungi
2044 3426 2213 3474 meo
2258 3426 2417 3475 non
2468 3413 2854 3498 poteram,

825 3547 1089 3610 auctor
1133 3534 1248 3610 fui
1273 3591 1296 3624 ‚
1352 3546 1440 3608 ut
1481 3534 1675 3609 liber
1714 3532 1807 3606 de
1850 3532 2413 3630 Magistratibus
2450 3535 2854 3632 separatim

825 3669 1208 3762 ederetur,
1257 3693 1587 3764 curaque
1634 3664 2107 3743 describendi
2139 3667 2655 3764 *vertendique
2690 3673 2854 3764 ejus

825 3801 1256 3876 crederetur
1271 3799 1725 3874 adolescenti
1742 3799 2215 3874 ornatissimo
2232 3800 2638 3882 Dominico
2654 3803 2855 3877 Fuss

823 3934 1380 4010 Marcodurano
1417 3959 1432 4004 :
1471 3931 1605 4030 qui
1634 3930 1891 4004 relicta
1916 3931 2363 4028 Germania,
2414 3932 2547 4006 ubi
2574 3931 2853 4008 felicis-
