3050 5017
398 439 963 490 nEIPUBLICAE
1010 439 1414 489 ROMANAE
1462 442 1619 490 1213.
1671 445 1800 490 111.
1984 439 2119 512 197

123 547 281 644 (qui
312 548 513 622 enim
548 574 707 623 non
736 551 1140 648 egissem?)
1170 545 1683 623 laudationem
1707 549 2008 622 brevem
2033 546 2129 618 ad

119 687 275 735 eum
292 667 679 763 composui
702 693 725 756 3
746 691 907 765 quo
926 664 1053 738 ille
1074 663 1361 737 laetatus
1378 719 1399 756 ,
1422 665 1503 738 in
1522 664 1864 764 singulos
1873 688 2133 738 versus

116 805 407 852 aureum
436 805 561 856 me
590 806 633 854 a
652 807 918 856 mensa
962 779 1155 854 ferre
1178 781 1404 877 ,jussit
1450 811 1469 856 ε
1516 781 1640 855 illi
1673 804 1850 857 vero
1869 837 1892 875 ,
1941 806 2136 882 quos
2207 795 2214 800 '

116 895 469 991 adjutores
484 897 759 998 legerat
774 924 1043 998 ,quem
1066 898 1163 974 ab
1184 901 1369 973 actis
1390 916 1663 973 vocant
1683 955 1705 992 ‚
1730 900 2134 973 invitatum
2223 896 2242 934 ·’

120 1038 253 1102 me,
284 1013 493 1112 quod
524 1041 929 1116 nunquam
970 1042 1117 1093 usu
1164 1033 1511 1108 venerat,
1553 1020 1895 1117 primum
1927 1013 2136 1091 char-

120 1128 457 1204 tularium
486 1157 852 1224 sumsere3
888 1159 1067 1209 cum
1102 1134 1411 1232 quidem
1450 1134 1610 1206 duo
1637 1149 1936 1207 tantum
1971 1132 2099 1206 alii
2118 1185 2142 1220 ‚

112 1243 249 1336 jam
278 1269 521 1340 senes,
558 1266 777 1324 antea
806 1275 983 1324 cum
1014 1252 1145 1343 iis,
1178 1251 1349 1324 data
1379 1253 1749 1351 pecunia,
1773 1251 2138 1350 egissent:
2231 1248 2236 1257 '

120 1389 347 1462 neque
377 1367 461 1440 id
490 1369 740 1444 solum
761 1425 783 1460 ‚
816 1395 1085 1445 verum
1118 1373 1344 1446 etiam
1393 1385 1728 1472 quatuor
1747 1385 1836 1442 .et
1869 1368 2144 1466 viginti

116 1505 357 1582 aureos
382 1487 473 1558 in
508 1487 851 1588 singulos
882 1513 1127 1565 annos
1160 1491 1748 1564 constituerunt.
1797 1491 2145 1560 Persona-

118 1598 283 1673 lium
312 1605 491 1678 item
512 1623 585 1681 et
603 1609 1069 1684 cotidianum
1090 1663 1110 1700 ‚
1134 1625 1223 1682 ut
1236 1623 1544 1700 vocant,
1567 1607 1662 1680 de
1683 1606 1968 1706 quibus
1987 1627 2115 1676 mo
2136 1645 2144 1652 ·

116 1715 199 1786 do
216 1720 439 1793 retuli
458 1778 481 1813 ‚
517 1725 785 1799 iisdem
824 1724 1273 1816 conficiens,
1300 1727 1816 1825 suggestiones
1839 1745 2146 1820 compo-

118 1833 365 1908 nebam
402 1867 421 1909 ε
459 1867 790 1938 quarum
831 1843 1131 1917 hoec'est
1160 1844 1374 1918 ratio.
1408 1847 1692 1916 Omnes
1725 1841 1906 1914 olim
1935 1832 2144 1938 apud

114 1955 433 2048 Primum
469 1943 859 2058 quondam
900 1964 1476 2063 magistratuum
1527 1959 2016 2036 currentibus
2059 1959 2142 2029 in
2263 1997 2269 2002 -

112 2072 387 2144 scriniis
403 2074 522 2172 adj
530 2092 785 2152 utores
804 2077 1047 2152 multa
1078 2080 1427 2152 doctrina
1448 2076 1950 2179 splendebant
1969 2104 1990 2166 3
2015 2079 2150 2148 Ro-

116 2210 311 2263 mana
357 2206 616 2265 autem
656 2193 919 2293 lingua
958 2195 1315 2269 excellene
1348 2195 1802 2283 studebant;
1855 2193 2148 2294 quippe

118 2308 499 2379 necessaria
526 2309 620 2381 iis
638 2309 1107 2410 ‘quandoque
1145 2328 1324 2386 erat.
1354 2316 1544 2387 Nam
1587 2335 1766 2384 cum
1805 2307 1996 2382 forte
2019 2307 2148 2378 ad·

116 2417 455 2514 penatum
489 2425 574 2495 in
594 2449 843 2518 causa,
879 2452 1119 2525 eaque
1136 2429 1493 2528 deinceps
1510 2426 1608 2500 ad
1627 2442 1978 2500 senatum
2005 2476 2025 2514 ,
2057 2439 2148 2496 nt

112 2533 579 2630 judicaretur,
603 2538 1003 2616 deferenda
1024 2559 1253 2636 esset;
1284 2547 1425 2644 qui
1448 2545 1714 2617 ceteris
1731 2539 2148 2642 praestabat,

118 2681 324 2753 quam
350 2661 903 2759 suggestionem
927 2680 1199 2738 vocant
1236 2666 1355 2756 (id
1378 2680 1489 2738 est
1505 2719 1527 2755 ,
1562 2663 2010 2758 ἂδασκαλίαν),
2040 2683 2150 2734 se-

120 2777 315 2848 natui
349 2777 807 2854 recitandam
826 2833 847 2869 ‚
880 2779 1421 2880 componebat,
1449 2783 1554 2852 ita
1583 2783 1938 2867 maxime,
1968 2793 2056 2850 ut
2075 2792 2150 2848 et

118 2911 544 2988 quator-em
572 2913 910 2989 senatus,
944 2914 1021 2972 et
1051 2915 1550 2974 antecessores
1575 2899 1608 2999 (
1615 2914 1709 2972 ut
1735 2897 1920 2971 olim
1947 2917 2152 2972 voca·

120 3005 290 3084 bant
302 3065 321 3102 ,
338 3039 537 3113 quos
555 3041 767 3089 nunc
784 3019 1194 3115 ἀντιγραφάς)
1217 3015 1829 3116 obstupefaceret.
1851 3019 2010 3090 Deo
2027 3037 2150 3086 au·

124 3139 257 3200 tem
282 3129 398 3228 adj
410 3147 688 3205 uvante
706 3187 727 3223 ,
754 3148 831 3204 et
847 3133 1225 3206 alacritate
1246 3159 1288 3206 a
1311 3131 1933 3230 contingentibus
1952 3131 2150 3203 mihi

122 3246 381 3325 solatiis
392 3305 415 3342 ,
434 3277 531 3324 ne
542 3255 899 3326 sentirem
914 3252 1247 3327 laborem
1264 3307 1287 3342 ,
1304 3249 1654 3344 faciente,
1672 3275 1829 3326 non
1848 3265 2149 3324 tantum

124 3385 514 3444 memorata
542 3373 958 3445 ministeria
988 3375 1070 3444 in
1098 3373 1379 3445 scrinio
1410 3369 1820 3471 implebam
1840 3423 1862 3461 ,
1895 3369 2024 3442 sed
2051 3393 2150 3441 se-

124 3490 399 3560 cretarii
436 3491 751 3589 insuper
776 3515 1094 3563 munere
1130 3490 1337 3589 apud
1366 3491 1703 3563 notarios
1738 3488 2149 3588 fungebar,

126 3599 429 3707 aliisque
460 3609 542 3678 in
581 3608 868 3709 templo
905 3610 1247 3706 justitiae,
1288 3609 1496 3710 quod
1533 3623 1901 3683 secretum
1938 3629 2152 3678 voca-

130 3733 277 3813 tur,
316 3728 628 3799 notariis
652 3755 953 3828 operam
979 3727 1248 3803 dabam
1296 3758 1311 3800 :
1358 3755 1499 3802 nec
1523 3752 1751 3830 parva
1781 3741 1939 3802 erat
1971 3747 2147 3798 cum

198 3873 267 3948 5)
304 3877 469 3958 Lego
507 3881 944 3959 ἕπεσηκρὴτευον.

200 3970 271 4048 6)
309 3975 476 4057 Lego
511 3980 793 4043 ὶὸοὴθουν.
