3050 5017
851 439 940 520 xl
1501 453 2247 511 connnn'ranms
3024 518 3026 568 ἱ

851 605 1138 682 relictis
1171 593 1464 681 Altatii
1489 603 1779 680 chartis
1810 608 2268 706 descriptum
2286 657 2316 696 ,
2354 607 2561 703 quod
2596 605 2905 680 Claris-

852 746 1092 816 simus
1135 751 1210 812 et
1229 741 1787 814 eruditissimus
1818 741 2055 815 abbas
2092 741 2203 816 M
2192 743 2489 815 arinius
2512 795 2545 831 ,
2590 743 2901 818 ambivi
3026 800 3028 806 «

857 877 1224 954 Vaticani
1259 875 1675 972 proefectus
1717 929 1751 967 ‚
1806 875 2000 949 mihi
2053 876 2590 974 perlegendum
2654 878 2899 950 dedit.

851 1008 1102 1108 quue
1128 1006 1524 1106 exemplar
1547 1063 1570 1105 ,
1606 1030 1787 1084 cum
1813 1007 2195 1110 insignem
2236 1011 2397 1108 ejus
2422 1009 2769 1086 valorem
2802 1035 2899 1086 ac

849 1141 1260 1220 utilitatem
1301 1141 1785 1240 perspiceret,
1840 1167 2020 1218 cum
2058 1141 2339 1220 Codice
2380 1163 2727 1218 cmvn
2766 1146 2899 1220 Bi-

850 1277 1256 1356 bliothecae
1273 1276 1707 1354 Barberinae
1728 1285 1998 1376 (quem
2022 1303 2185 1379 pag.
2201 1279 2491 1377 xxxvj.
2506 1278 2592 1352 N
2590 1306 2663 1354 0.
2686 1302 2722 1356 1
2756 1307 2897 1380 po·-

851 1410 1014 1501 sui)
1045 1409 1458 1487 contulisse
1493 1395 1657 1486 sese
1681 1409 2100 1487 Schowius
2120 1407 2407 1487 ibidem
2430 1409 2559 1484 ait.
2588 1411 2709 1486 Ita
2738 1437 2899 1488 ma·

847 1545 1092 1644 jerem
1123 1543 1326 1618 hauc
1353 1543 1741 1644 epitomen
1768 1599 1789 1640 ,
1834 1543 1927 1620 de
1955 1568 2110 1643 qua
2137 1545 2293 1642 jam
2318 1541 2616 1620 dudum
2642 1544 2898 1643 loqui-

850 1699 1032 1754 mur
1059 1731 1083 1768 ,
1113 1675 1462 1776 quinque
1496 1678 1584 1754 in
1612 1675 2181 1778 exemplaribus
2214 1688 2475 1754 extare
2494 1731 2517 1771 ‚
2545 1678 2676 1756 vel
2704 1681 2899 1758 exti-

851 1811 1036 1886 tisse
1060 1866 1083 1906 ,
1123 1809 1451 1908 intelligi
1467 1820 1741 1910 potest.

955 2075 1283 2154 XVIII.
1337 2074 1607 2154 Venio
1630 2075 1726 2152 ad
1753 2078 2269 2156 minusculam
2294 2107 2311 2152 ε
2344 2103 2579 2178 quam
2596 2079 2687 2155 in
2708 2079 2899 2160 solis

731 2198 760 2306 ‚⁶
855 2211 1160 2292 duobus
1189 2235 1586 2312 superesse
1625 2221 1837 2311 puto.
1882 2211 2075 2290 Uno
2126 2209 2317 2290 Cod.
2374 2210 2723 2288 Palatino
2774 2215 2903 2290 Bi—

853 2346 1132 2426 blioth.
1154 2345 1556 2422 Vaticanae
1584 2343 1741 2419 No.
1778 2367 1973 2421 oxu
1996 2401 2019 2442 ,
2057 2371 2102 2422 a
2120 2343 2488 2425 Schowio
2502 2343 2675 2422 loco
2694 2345 2907 2426 citat.

855 2483 1294 2562 Bibliothek
1356 2483 1498 2554 der
1550 2481 1755 2554 alten
1842 2491 1983 2556 etc.
2056 2507 2220 2582 pag.
2278 2481 2376 2558 25
2420 2492 2849 2560 memorato
2880 2511 2905 2562 t

855 2619 1098 2695 altero
1131 2625 1397 2692 nostro
1430 2613 1679 2714 Regio
1714 2614 1867 2690 No.
1920 2617 2135 2720 1409.
2176 2616 2414 2710 (olim
2458 2637 2901 2692 Monxxxv.

749 2747 760 2760 ’
861 2775 1081 2854 1299.
1114 2747 1334 2847 5367.
1359 2745 1557 2848 )f01.
1583 2773 1675 2848 ¹77
1707 2767 1953 2824 recto·
1976 2750 2098 2827 84.
2136 2763 2331 2826 recto
2383 2751 2511 2826 Ex
2553 2749 2705 2826 hoc
2737 2751 2905 2826 Re-

855 2887 984 2987 gio
1005 2884 1288 2962 Codice
1305 2883 1723 2959 Salmasius
1742 2885 2003 2962 locum
2030 2883 2131 2960 de
2161 2885 2411 2961 tribus
2457 2883 2685 2986 Eryli
2716 2883 2901 2962 ani-

857 3021 1006 3096 mis
1027 3018 1328 3116 hausit,
1377 2975 1501 3090 ὁτι
1536 3001 1770 3115 Ερυλον
1796 3025 1897 3093 τὸν
1922 3049 2055 3121 περι
2036 3005 2375 3094 {ironam-
2392 3021 2519 3094 οἷον
2566 3031 2672 3100 τῆς
2717 3021 2903 3114 ὕλης,

753 3191 764 3200 ·
855 3159 1010 3230 ἐστίν
1014 3151 1228 3228 ·vid.
1250 3149 1440 3226 Not.
1478 3158 1557 3224 et
1576 3149 2081 3232 animadvers·
2110 3153 2198 3229 in
2221 3153 2545 3252 Epictet.
2586 3162 2665 3226 et
2700 3151 2901 3228 Sim·

855 3287 1036 3391 plic.
1055 3284 1424 3386 Lugduni
1446 3286 1708 3366 Batav.
1733 3284 1950 3375 1640.
1980 3290 2050 3362 4.
2074 3310 2241 3386 pag.
2268 3283 2415 3359 255
2447 3311 2463 3356 ε
2494 3307 2595 3360 ex
2624 3281 2899 3362 eodem

859 3424 1240 3501 Boivinus
1277 3419 1685 3497 chaldaica
1718 3420 2062 3514 oracula,
2106 3421 2387 3494 inserta
2418 3419 2507 3494 in
2545 3431 2767 3496 notas
2800 3417 2899 3495 ad

735 3635 748 3648 ,
861 3555 1396 3660 Nicephorum
1433 3555 1857 3656 Gregoram
1908 3551 2085 3628 edit.
2137 3553 2329 3652 Reg.
2377 3555 2618 3631 Paris.
2670 3579 2897 3653 1702.

854 3693 1036 3771 Pol.
1076 3691 1216 3767 Est
1249 3700 1505 3766 autem
1528 3687 1699 3765 haec
1724 3685 2085 3785 Epitome
2116 3686 2199 3764 in
2226 3687 2411 3763 Cod.
2438 3687 2684 3786 Regio
2710 3711 2899 3764 ano-

862 3851 1104 3928 nyma
1123 3881 1146 3923 ,
1191 3823 1277 3900 in
1306 3821 1656 3898 Palatino
1690 3819 2093 3896 ascribitur
2124 3822 2483 3898 Maximo
2530 3819 2893 3897 Planudi.

865 3963 1178 4062 Incipit,
1192 3944 1305 4037 ὁτι
1321 3941 1557 4059 Ερυλον
1582 3961 1685 4034 τὸν
1712 3961 1845 4058 περὶ
1865 3937 2118 4033 itatem
2139 3956 2416 4036 desinit
2436 3957 2520 4033 in
2535 3957 2779 4056 capite
2798 3955 2897 4030 de

2346 4185 2353 4188 ,
2496 4089 2893 4191 fulgurum
