3050 5017
712 466 833 519 nn
882 465 1259 523 ‚JoAmsss
1332 467 1620 519 mmo.
1963 444 2202 541 lxxix⁸

165 636 321 685 non
346 610 681 709 aliquam
736 611 1133 687 vetustatis
1160 619 1456 709 partem
1503 634 1710 685 nova
1743 608 1913 685 luce
1959 611 2202 687 collu-

166 754 399 819 strare
450 745 703 843 possit.
759 741 1005 836 Quid,
1064 738 1274 840 quod
1318 740 1550 837 mihi,
1597 743 1680 815 in
1727 739 1975 817 studia
2028 742 2196 819 haec

163 889 414 953 nostra
444 877 817 967 intuenti,
851 872 1219 973 ejusmodi
1256 873 1634 947 librorum
1662 872 1893 949 editio
1917 931 1938 969 ‚
1996 876 2204 975 siqui

161 1010 411 1087 adhuc
446 1012 721 1107 latent,
784 1010 881 1085 ad
914 1035 1041 1083 eos
1089 1008 1616 1107 potissimum,
1675 1007 1944 1083 ubiubi
1992 1009 2190 1099 sint,

162 1143 468 1220 videtur
494 1143 873 1244 pertinere
890 1200 913 1237 ‚
968 1142 1247 1240 quibus
1278 1138 1620 1216 custodia
1642 1141 2010 1217 Codicum
2038 1168 2202 1232 ma·-

161 1279 731 1377 nuscriptorum
780 1274 1129 1351 mandata
1172 1284 1303 1348 est.
1370 1274 1497 1349 Sic
1537 1275 1742 1349 enim
1794 1276 2194 1372 existimo,

160 1434 519 1509 magnum
554 1418 712 1483 esse
744 1390 827 1482 in
849 1407 1086 1481 literis
1111 1407 1432 1500 Graecis,
1464 1418 1691 1505 atque
1725 1406 1911 1481 adeo
1945 1398 2198 1485 maizi-

162 1568 406 1637 mum,
465 1552 757 1616 veteres
794 1539 1193 1616 emendare
1232 1540 1540 1639 ingenio
1563 1595 1584 1634 ‚
1645 1539 2028 1647 explicare
2063 1540 2194 1620 do-

166 1678 439 1771 ctrina,
496 1686 844 1750 naturam
878 1674 1247 1748 sermonis
1292 1674 1765 1771 perscrutari.
1801 1675 2050 1749 Acuta
2082 1688 2196 1781 tass

162 1835 331 1885 men
360 1809 667 1907 ingenia
692 1832 1233 1905 usquequaque
1264 1806 1429 1881 haec
1446 1818 1784 1905 possunt.
1805 1806 1951 1883 Illa
1969 1806 2202 1904 ver0,'

158 1942 575 2041 fragmenta
618 1938 901 2015 inedita
954 1964 1259 2033 eruere,
1318 1921 1762 2039 glomafores
1787 1996 1810 2035 ,
1865 1942 2192 2017 scholia-

162 2089 303 2151 stas
335 2132 357 2169 ‚
436 2084 778 2149 auctores
826 2044 1309 2147 secundarios
1362 2070 1880 2147 delitescentes
1927 2100 2190 2173 quam-

158 2210 535 2309 plurimos
576 2208 659 2281 in
682 2206 935 2281 lucem
972 2202 1361 2279 vindicare
1384 2256 1405 2293 ,
1434 2202 1828 2302 doctisque
1853 2204 2186 2283 homini·
2303 2304 2312 2313 .

158 2345 296 2419 bus
328 2341 445 2416 sic
484 2365 687 2415 nova
714 2336 1143 2435 adjumenta
1179 2346 1652 2435 comportare
1680 2334 1774 2410 ad
1814 2340 2192 2417 universae

158 2474 558 2552 vetustatis
590 2470 1201 2570 intelligentiam,
1250 2495 1338 2543 ea
1364 2470 1527 2544 sine
1577 2468 1924 2547 codicum
1976 2478 2194 2575 copia

164 2633 397 2683 nemo
446 2612 713 2704 potest.
756 2604 901 2677 Hae
951 2602 1329 2700 praecipue
1385 2614 1568 2676 sunt
1633 2604 1909 2701 opinor
1947 2632 2196 2704 partes

158 2754 439 2817 nostrae
501 2764 519 2811 ε
582 2761 855 2835 parum
896 2732 1253 2833 jucundae
1297 2730 1614 2809 fortasse
1649 2786 1670 2823 ,
1733 2734 1867 2809 sed
1927 2738 2187 2813 utiles:

158 2876 443 2973 quibus
492 2881 693 2947 recte
725 2868 907 2945 actis
931 2923 952 2961 ,
1006 2879 1081 2942 et
1121 2866 1296 2943 satis
1320 2864 1570 2941 officio
1607 2877 1870 2943 nostro
1905 2858 2193 2947 factum

158 3034 311 3083 esse
339 3018 538 3107 puto
557 3060 579 3100 ,
630 2998 1035 3077 et.abunde
1063 3000 1482 3099 praestitum
1508 3002 2051 3079 existimationi
2081 3005 2192 3083 vi·

160 3152 409 3241 taeque
458 3148 755 3213 nostrae.
