3050 5017
471 385 1047 472 fisxrun'm‘cu
1107 394 1515 468 nonnum
1575 421 1724 471 ιη.
1761 423 1878 502 ,¹¹⁰
2093 415 2192 503 97

134 525 597 608 ‘cumdantes
618 585 641 622 ,
686 527 1010 628 dignum
1049 551 1202 600 esse
1240 529 1562 628 imperio
1606 531 2140 607 declaraverint
2167 591 2194 625 ,

134 652 511 720 Caesarem
556 671 736 720 eum
781 643 1257 719 ostendentes
1288 700 1310 737 ,
1350 646 1590 718 veluti
1645 637 2193 752 adolescentem

136 768 507 838 Czoearem
529 819 551 854 ‚
586 779 661 836 et
684 764 917 862 primi
948 763 1245 834 Caesaris
1280 761 1570 852 honore
1596 767 2062 864 nomineque
2085 766 2196 838 di·-

140 903 423 977 gnum.
460 877 1119 970 Quemadmodum
1169 880 1375 950 enim
1412 881 1648 951 Persis
1699 905 1862 954 mos
1897 896 2006 954 est
2031 935 2054 972 ‚
2105 908 2198 956 ex

138 1019 325 1092 rege
365 1009 541 1068 nato
570 1019 891 1092 regnum
922 993 1247 1087 deferre3
1284 998 1391 1069 sic
1416 1000 1776 1071 Romanis
1799 997 1981 1071 olim
2011 997 2198 1092 fuit,-

142 1139 313 1184 non
362 1111 722 1220 cuilibet,
777 1113 905 1186 sed
960 1115 1272 1188 nonnisi
1326 1120 1371 1188 a
1414 1120 1713 1190 Caesaris
1745 1120 1979 1217 stirpe
2013 1121 2200 1193 ortis

140 1231 567 1328 imperium
608 1229 917 1304 tradere.
957 1231 1251 1304 Medius
1291 1233 1527 1332 igitur
1581 1249 1738 1306 erat
1766 1233 2200 1309 adolescens

142 1355 413 1440 Caesar,
428 1375 678 1450 neque
697 1375 955 1450 expers
978 1353 1280 1450 imperii
1304 1349 1655 1445 honoris,
1675 1379 1960 1453 neque,
1975 1381 2199 1455 ,prop-

144 1487 265 1544 ter
302 1473 559 1558 socios
576 1474 1053 1572 principatus
1082 1523 1103 1564 ,
1155 1497 1463 1564 omnem
1496 1489 1989 1562 consecutus;
2044 1501 2198 1574 prae

148 1588 304 1660 illis
337 1613 517 1662 vero
552 1592 1021 1689 praecipuum
1074 1571 1359 1661 habens
1394 1594 1692 1664 Caesaris
1725 1617 2148 1692 cognomen
2173 1627 2229 1686 ,-

147 1705 365 1806 quod
398 1721 773 1804 superstes
806 1708 1031 1781 etiam
1063 1707 1488 1780 avunculus
1515 1711 1587 1780 ei
1608 1709 1911 1784 dederat
1936 1764 1959 1801 ,
2018 1736 2196 1784 cum
2321 1729 2327 1734 ·

146 1842 648 1896 successorem
718 1823 863 1898 sibi
935 1848 1111 1896 eum
1182 1824 1615 1925 relinquere
1668 1829 2197 1902 constituisset.-

148 1944 555 2038 Postquam
590 1965 805 2029 vero,
847 1955 1151 2013 mortuo
1178 1943 1507 2041 Lepido,
1561 1945 1968 2043 AEgyptum
2016 1969 2197 2017 eum

146 2059 488 2131 Antonio
507 2095 530 2150 ·,
548 2060 683 2158 qui
701 2112 722 2148 ,
744 2058 1003 2132 Fulvia
1022 2111 1043 2148 ,
1062 2083 1313 2132 sorore
1337 2061 1403 2157 ej
1410 2084 1537 2152 us,
1551 2063 1965 2160 repudiata,
1984 2062 2192 2135 Cleo-

143 2191 545 2274 patraesese
587 2174 893 2250 dederat
916 2228 937 2264 ,
981 2177 1361 2274 superavit
1382 2232 1404 2266 ,
1449 2200 1536 2248 ae
1563 2177 2004 2250 domesticas
2041 2183 2182 2251 Ros

147 2315 557 2364 manorum
579 2287 839 2362 turbas
866 2294 1329 2389 composuit3-
1356 2289 1666 2362 inflatus
1684 2307 1761 2364 et
1781 2295 1942 2392 ipse
1965 2347 1986 2384 ‚
2012 2317 2196 2369 cum

148 2409 271 2482 dei
306 2432 592 2482 nomen
627 2410 1054 2507 usurpavit,
1080 2410 1220 2508 qui
1248 2433 1497 2507 nuper
1520 2410 1859 2482 modeste
1883 2415 2146 2511 egisset
2165 2468 2192 2511 ‚

150 2544 319 2600 tum
380 2527 661 2626 templa
725 2527 1001 2600 honori
1066 2551 1206 2601 suo
1254 2541 1678 2602 consecrata
1735 2533 2056 2630 recepit,
2115 2553 2194 2610 et

150 2643 597 2744 pontificem
626 2699 647 2734 ,
682 2659 1045 2745 tanquam
1082 2643 1566 2732 intercalatus
1594 2648 1836 2739 Deus,
1870 2656 2186 2745 creavit,

152 2787 383 2862 quem
412 2765 753 2862 primum
786 2765 985 2836 inter
1010 2761 1422 2834 sacerdotes
1440 2765 1813 2856 Deorum,
1848 2770 1986 2864 qui
2017 2783 2188 2842 tum

148 2879 592 2953 colebantur
606 2933 628 2971 ,
650 2879 1065 2952 constituit.
1086 2877 1520 2976 Insignibus
1545 2893 1800 2956 autem
1826 2884 2190 2958 omnibus

151 3021 339 3070 usus
372 3010 481 3069 est
500 3049 521 3086 ,
576 2995 861 3094 quibus
906 3009 1163 3096 pater3
1194 2995 1487 3066 militiis
1534 3020 1710 3069 vero
1738 3051 1759 3085 ,
1789 2995 2062 3073 officiis
2109 3018 2186 3074 et

148 3113 635 3205 satellitibus,
682 3127 872 3213 quot
892 3113 1264 3208 Romulus
1298 3129 1372 3184 et
1421 3139 1686 3188 omnes
1707 3115 2064 3218 deinceps
2087 3121 2186 3194 ad

150 3258 331 3308 eum
356 3257 597 3331 usque
636 3233 757 3302 usi
792 3245 1027 3303 erant.
1066 3229 1325 3305 Solum
1358 3233 1802 3327 magistrum
1827 3238 2181 3330 equitum
2289 3251 2298 3260 '

151 3353 231 3422 in
252 3346 689 3450 praefectum
714 3348 1062 3446 praetorio
1084 3349 1435 3436 mutavit,
1459 3370 1844 3445 curruque
1865 3351 2182 3450 insigni,

151 3491 239 3542 ex
270 3481 585 3566 argento
602 3463 796 3539 facto
813 3517 839 3556 ,
862 3465 1261 3538 honoravit
1280 3519 1301 3555 ,
1336 3489 1477 3536 nec
1504 3489 1665 3536 non
1692 3464 1896 3538 civili
1925 3465 2182 3542 officio

150 3601 329 3659 eum
358 3580 715 3682 praefecit,
738 3605 931 3680 quos
948 3581 1385 3681 Augustales
1403 3605 1445 3658 a
1462 3595 1698 3660 semet
1717 3587 2176 3666 nominavit:

229 3764 301 3837 5)
340 3759 670 3823 Recentior
693 3777 904 3820 manus
934 3768 1093 3819 recte
1108 3802 1129 3835 ,
1174 3761 1204 3821 ‘o
1228 3765 1391 3830 θεῖος.

226 3859 302 3934 6)
344 3857 674 3964 Recentior
702 3878 917 3920 manus
937 3865 1099 3919 recte
1114 3887 1137 3934 5
1166 3860 1493 3940 :araxe-paz.

234 3961 307 4036 7)
348 3956 568 4018 Malim
597 3961 787 4014 αὐτοῦ.
950 3955 957 3960 “
