3050 5017
516 490 1059 543 unmnucu
1108 490 1495 545 nonnus
1547 495 1700 547 ms.
1753 497 1840 547 11.
2043 472 2188 547 iis

162 598 435 699 injecit
460 656 485 694 ‚
529 605 1053 704 imperatorem
1087 610 1513 679 Romanum
1547 609 1630 679 in
1671 605 1866 679 bella
1909 604 2020 679 ire
2055 628 2196 705 per

158 742 297 791 eos
310 718 729 817 prohibens
740 774 763 813 ,
786 720 1141 822 deinceps
1156 746 1323 822 quae
1338 722 1433 794 ad
1454 722 1742 795 bellum
1773 722 2160 821 pertinent
2172 774 2196 811 ,

160 835 459 909 dueum
485 891 505 928 ,
565 863 733 937 quae
782 840 879 912 ad
934 836 1297 939 palatium
1326 895 1349 929 ‚
1412 842 1748 939 magistri
1811 839 2200 939 provincia

164 948 385 1025 fuere
420 980 439 1025 ε
472 968 565 1025 ut
598 952 795 1027 nihil
850 954 1057 1029 aliud
1090 954 1525 1059 praefectura
1563 956 1864 1047 habeat,
1908 957 2054 1029 nisi
2089 979 2202 1027 so·

166 1068 326 1143 lam
382 1086 781 1147 sumtuum
841 1072 1570 1149 administrationem
1593 1130 1614 1165 ,
1676 1098 1874 1173 quoa
1916 1074 2202 1173 perspi-

168 1212 407 1261 cuum
440 1204 551 1262 est
600 1186 767 1262 fieri
804 1192 889 1263 in
928 1190 1183 1265 obvias
1217 1193 1721 1283 necessitates,
1775 1192 2012 1289 inque
2053 1212 2206 1261 ma-

168 1306 527 1404 gistratus
572 1331 662 1380 ex
698 1307 826 1381 illa
852 1362 875 1399 ,
906 1323 995 1382 ut
1036 1307 1229 1399 dixi,
1262 1324 1505 1401 ortos,
1546 1330 1799 1408 neque
1829 1308 2090 1379 minus
2119 1306 2208 1377 in

168 1448 301 1497 eos
334 1424 619 1524 quibus
648 1426 795 1525 ipsi
836 1426 1217 1527 praepositi
1248 1440 1453 1501 sunt.

284 1564 397 1612 12.
442 1539 665 1631 Quod
700 1543 763 1613 si
796 1543 973 1641 quis
1002 1557 1079 1616 et
1122 1544 1592 1639 conjecturas
1624 1566 1668 1615 e
1705 1538 2207 1641 praedictioni·

166 1654 355 1747 bus,
406 1684 573 1757 quae
620 1660 921 1734 oracula
978 1685 1019 1733 a
1074 1660 1473 1735 nonnullis
1520 1674 1894 1734 vocantur
1916 1712 1936 1748 ‚
1985 1658 2208 1729 ratio-

170 1798 369 1845 num
406 1776 487 1847 in
520 1800 843 1851 numero
878 1776 1151 1851 habere
1184 1803 1343 1851 non
1376 1790 1668 1851 recuset
1699 1805 1716 1847 ε
1757 1768 2040 1855 exitum
2080 1771 2210 1843 ha-

170 1887 407 1964 buere
442 1892 487 1963 a
530 1893 843 1966 Fonteio
864 1948 885 1984 ‚
930 1896 1272 1967 Romano
1296 1949 1318 1986 ,
1362 1892 1750 1993 quondam
1799 1890 2019 1962 dieta.
2077 1885 2214 1960 Ille

174 2008 383 2079 enim
429 2032 689 2081 versus
722 2008 1087 2108 quosdam
1115 2064 1136 2101 ‚
1185 2010 1369 2084 olim
1411 2009 1694 2082 scilicet
1725 2002 2053 2081 Romulo
2087 2004 2210 2077 da-

176 2134 291 2196 tos
308 2178 333 2213 ,
386 2126 634 2222 patrio
680 2150 1027 2199 sermone
1060 2124 1285 2200 refert
1314 2178 1333 2215 ,
1372 2139 1628 2225 aperte
1681 2120 2164 2222 praedieentes
2189 2170 2216 2207 ο

179 2255 343 2313 tum
382 2246 757 2315 Romanos
797 2240 1182 2316 fortunam
1230 2239 1756 2317 derelicturam
1781 2292 1804 2329 ‚
1853 2260 2030 2309 eum
2065 2234 2218 2333 ipsi

177 2359 435 2457 patriae
468 2356 745 2457 linguae
774 2358 996 2433 obliti
1030 2358 1391 2433 fuissent:
1424 2354 1634 2457 quod
1657 2351 2048 2429 oraculum
2077 2350 2221 2448 (ut

175 2478 491 2583 vocant)
525 2490 783 2548 nostro
806 2475 903 2549 de
934 2476 1323 2551 mensibus
1350 2474 1701 2551 tractatui
1730 2470 2216 2543 inseruimus.

176 2594 479 2665 Exitum
510 2618 687 2666 vero
714 2596 983 2693 ntique
1010 2594 1165 2667 haee
1205 2594 1558 2667 vaticinia
1590 2589 1922 2663 habuere
1961 2612 1978 2657 τ
2015 2600 2218 2684 post«

176 2732 407 2807 quam
448 2710 655 2781 enim
698 2713 938 2801 Cyrus
983 2709 1295 2810 quidam
1340 2708 1732 2806 AEgyptius
1765 2758 1787 2795 ‚
1836 2725 2062 2802 quem
2115 2699 2218 2772 ob

174 2826 441 2925 pooein
484 2828 901 2905 etiamnum
956 2826 1431 2900 admirantur
1449 2879 1493 2916 ‚.
1519 2820 1958 2924 praefectura
2005 2815 2219 2889 urbis

174 2957 253 3014 et
268 2944 599 3041 praetorii
630 2943 861 3017 simul
885 2942 1211 3043 fungens
1226 2998 1253 3034 ‚
1278 2963 1530 3042 neque
1555 2938 1764 3014 aliud
1789 2936 2213 3038 quidquam

178 3074 449 3159 praeter
504 3064 767 3160 poesin
826 3063 1067 3133 sciens
1096 3114 1121 3152 ‚
1191 3077 1513 3134 veterem
1581 3053 2222 3131 consuetudinem

180 3174 599 3275 transgredi
645 3200 873 3251 ausus
904 3192 1053 3267 est,
1088 3176 1533 3275 decretaque
1568 3178 1823 3245 Graeco
1870 3190 2220 3243 sermone

181 3294 539 3394 protulit3
593 3318 769 3369 cum
807 3297 1139 3379 Romana
1176 3292 1435 3391 lingua
1488 3287 1874 3361 fortunam
1907 3304 2220 3384 quoque

180 3412 663 3511 magistratus
694 3412 967 3485 amisit.
1577 3398 1592 3421 ⁸

352 3664 459 3713 lu:
508 3661 997 3717 mutuemus
1048 3656 1498 3713 PRAEFECTI
1549 3651 2044 3706 PRAETORIO.

296 3862 411 3938 13.
448 3868 801 3965 Magistro
842 3866 1234 3963 equitum,
1288 3875 1378 3933 ut
1427 3857 1625 3949 dixi‚-
1669 3853 1764 3931 ab
1798 3860 2138 3955 Augusto
2172 3879 2222 3927 e
2344 3940 2368 3957 x

182 3980 741 4097 magistratibus
780 3994 1071 4059 exemto
1091 4035 1113 4072 ‚
1148 3979 1465 4085 ejusque
1497 3988 1862 4083 potestate
1897 3972 1991 4049 ad
2037 3996 2224 4079 Ρω-
