3050 5017
542 465 1132 518 annunties:
1186 465 1911 520 nousnn.1.n.1.
2002 535 2014 544 Δ
2151 453 2248 536 43

73 577 78 666 f
194 589 377 650 tum
402 573 801 662 silviorum
818 603 1240 679 eognomen
1264 633 1285 670 ,
1312 579 1442 654 sed
1464 580 1918 657 mulieribus
1938 605 2256 684 quoque

196 689 579 788 dalmtun
640 694 879 778 veluti
918 695 1121 778 Rhea
1172 696 1399 772 silvia
1418 749 1441 788 ‚
1484 712 1561 770 et
1615 698 1750 772 Ilia
1786 697 2030 780 Silvia.
2079 703 2254 782 Post

196 810 597 893 conditam
624 828 881 888 nutem
910 819 1221 890 Romam
1250 829 1327 888 et
1352 827 1601 918 raptas
1621 814 1928 900 Sabinas
1955 818 2254 928 primus

65 966 67 972 ,
196 951 337 1002 rex
370 931 621 1004 Numa
654 929 958 1008 duobus
987 931 1436 1014 nominibus
1462 957 1646 1016 usus
1668 948 1808 1026 est,
1835 933 2253 1037 Pompilius

198 1047 461 1120 Numa
510 1046 931 1150 adpellatus
983 1077 1003 1124 ε
1054 1075 1387 1152 quorum
1444 1049 1638 1124 illud
1685 1055 2202 1126 Romanorum
2229 1103 2252 1143 ,

200 1161 357 1236 hoc
386 1163 843 1243 Sabinorum
871 1191 1293 1267 cognomen
1320 1181 1497 1244 erat.
1536 1171 1797 1268 Neque
1834 1168 2040 1246 enim
2075 1181 2252 1240 ante

202 1278 439 1354 illum
485 1285 813 1386 reperias
858 1284 1269 1360 Romulum
1292 1339 1317 1377 ,
1364 1273 1618 1386 neque
1648 1286 1971 1366 omnino
2011 1309 2250 1384 quen·

201 1423 447 1498 quam
486 1415 665 1480 ante
690 1400 1143 1476 Sabinorum
1182 1427 1358 1480 oum
1387 1404 1746 1480 Romanis
1773 1401 2250 1502 conjunctio·

200 1539 391 1590 nem
406 1532 677 1617 praeter
696 1521 1095 1620 proprium
1122 1518 1285 1616 ejus
1308 1543 1588 1596 nomen
1614 1517 1825 1598 aliud
1849 1513 2246 1618 adcepisse.

310 1660 434 1708 22.
485 1639 595 1710 Ao
628 1651 799 1710 turn
835 1635 1147 1738 quidem
1181 1635 1527 1710 studium
1555 1651 2250 1736 ornamentumque

202 1749 365 1824 illis
388 1765 551 1826 erat
566 1807 591 1845 ,
642 1754 957 1828 nomine
982 1753 1079 1828 ab
1111 1769 1435 1852 utraque
1458 1755 1694 1856 stirpe
1717 1754 2046 1856 gloriari.
2067 1758 2246 1838 Sue·

200 1868 483 1945 cedens
530 1885 787 1944 autem
821 1885 992 1944 aetas
1032 1895 1225 1946 nova
1272 1871 1728 1971 cognomina
1779 1867 2204 1954 introduxit
2225 1920 2252 1959 ,

204 2013 428 2066 nunc
450 2014 495 2062 a
511 1991 831 2064 Troiana
858 1988 1254 2066 nobilitate
1272 2043 1295 2080 ‚
1318 2013 1530 2061 nunc
1546 1987 1645 2062 ab
1666 1984 2247 2084 Aboriginibus,

206 2129 411 2205 quos
426 2121 697 2179 vooent
712 2159 735 2198 ‚
748 2104 1552 2204 autochthonibusque
1569 2105 1898 2202 regionis
1923 2101 1954 2200 (
1965 2103 2254 2174 etenim

198 2225 527 2314 scimus,
574 2222 991 2325 Cethegum
1011 2276 1034 2316 ,
1090 2247 1137 2296 a
1180 2222 1574 2322 terrigenis
1621 2219 1784 2298 illis.
1819 2241 2061 2318 genus
2100 2218 2250 2318 jac-

206 2357 499 2415 tantem
521 2394 544 2434 ,
572 2341 871 2416 nudum
896 2356 1095 2415 veste
1114 2397 1137 2433 ‚
1171 2355 1343 2440 toga
1371 2353 1674 2416 tantum
1699 2359 1959 2442 aspera
1981 2349 2248 2434 pectus

206 2473 509 2558 tegente
542 2513 567 2551 ,
622 2460 707 2532 in
766 2455 1021 2534 forum
1068 2458 1357 2536 venisse
1378 2510 1411 2548 ‚
1464 2455 1816 2556 quamvis
1855 2451 2250 2548 senatoriis

208 2577 683 2652 ornamentis
722 2563 1197 2676 insignem);
1256 2572 1535 2648 deinde
1589 2595 1770 2648 vero
1809 2595 1856 2652 ‚a
1905 2565 2250 2643 moribus

208 2696 435 2768 etiam
468 2707 607 2768 aut
640 2691 942 2786 indole;
1002 2691 1242 2770 veluti
1275 2687 1598 2769 Publius
1616 2685 1960 2768 Valerius
1999 2681 2249 2758 Publi·

212 2811 417 2886 oola:
453 2837 785 2912 quorum
816 2789 1225 2890 nominum
1248 2807 1409 2884 duo
1434 2831 1480 2881 a
1504 2806 1861 2888 Romanis
1882 2857 1904 2897 ‚
1935 2816 2024 2876 ut
2047 2801 2250 2894 dixi,

210 2929 661 3031 Sabini-sque
692 2931 987 3030 generis
1031 2923 1564 3008 claritudinem
1587 2975 1610 3014 ‚
1661 2922 1974 3000 tertium
2010 2917 2248 3000 adfec-

218 3049 508 3121 tionem
538 3045 636 3122 ab
660 3072 916 3122 amore
956 3047 1041 3119 in
1064 3041 1455 3147 populum·
1492 3037 1952 3130 ostendebat.
1989 3041 2094 3110 Ac
2123 3059 2249 3109 ne-

222 3188 416 3236 eesse
436 3217 459 3254 ‚
508 3166 825 3264 opinor,
864 3163 1009 3234 erit
1031 3214 1053 3251 ‚
1102 3185 1145 3232 e
1175 3157 1417 3234 multa
1440 3155 1582 3228 hac
1615 3153 1986 3254 farragine
2013 3175 2254 3251 pauca

216 3279 559 3379 quoedam
594 3299 1205 3356 commemorare.
1242 3277 1505 3372 Neque
1551 3273 1760 3344 enim
1793 3272 2040 3343 otium
2069 3293 2208 3366 ago
2226 3323 2250 3362 ,

218 3395 351 3471 tali
376 3399 947 3498 investigatione
971 3393 1181 3496 quod
1200 3389 1547 3493 perdam„
1571 3409 1738 3486 quae
1762 3410 1900 3486 per
1919 3409 1998 3458 se
2017 3382 2252 3457 solam

220 3515 569 3590 maximis
594 3511 1129 3590 voluminibus
1150 3506 1574 3613 implendis
1594 3501 1945 3580 sufficiat.
2106 3511 2122 3524 “

320 3633 443 3710 23.
482 3633 888 3711 Proculum
909 3635 1144 3734 igitur
1159 3651 1467 3736 peregre
1484 3619 1878 3738 profecto,
1911 3635 1987 3692 et
2007 3623 2258 3694 Postu-

220 3775 442 3826 mum
489 3767 799 3826 mortuo
840 3752 1041 3854 patri
1086 3763 1353 3832 natum
1397 3742 1762 3819 vocabant
1795 3793 1817 3831 ‚
1875 3751 1953 3810 et
1992 3736 2256 3834 Vopis-

220 3893 403 3941 cum
425 3921 448 3960 ,
482 3871 629 3970 qui
647 3925 670 3960 ‚
716 3873 1067 3971 geminus
1107 3878 1501 3967 susceptus
1518 3915 1540 3955 ,
1589 3857 1920 3934 extincto
1971 3851 2206 3925 altero
2235 3900 2260 3939 ,

220 3997 303 4060 et
336 3987 728 4080 Caesamm,
772 3987 915 4092 qui
962 3987 1196 4067 incisa
1244 3997 1562 4060 mortuae
1607 3975 1872 4058 matris
1918 3971 2088 4048 alvo
2115 3991 2262 4044 ser·
