3050 5017
473 413 1041 474 animantem
1090 415 1493 470 nonnus
1544 413 1696 472 mn.
1751 423 1876 474 111.
2055 398 2199 507 169

152 535 429 610 einum
484 531 654 608 Itali
712 545 985 606 vocant
1040 527 1159 628 (id
1220 543 1367 621 est,
1426 535 1811 625 ἀντιθολὴν),
1867 557 1914 606 a
1957 526 2204 636 inagi—

154 669 407 728 stratu
476 649 1112 726 subscribendum
1180 647 1366 723 huic
1422 653 1533 726 rei
1584 654 2002 752 praepositis
2049 671 2205 728 tra·-

154 773 345 848 dere
365 770 897 872 (cancellarios
925 756 1161 843 eos‘in
1192 766 1504 868 judiciis
1527 784 1836 864 vocant3
1896 771 1990 844 de
2033 775 2209 872 qui..

154 891 315 966 bus
350 889 446 964 ad
480 903 903 964 extremum
953 888 1300 960 dicturus
1338 909 1511 960 sum
1549 885 1600 984 ).
1653 886 1842 964 Inde
1886 912 2116 989 porro
2162 915 2211 966 a

154 1007 579 1082 secretariis
630 1031 831 1108 puro
863 1060 886 1097 ,
951 1019 1041 1078 ut
1086 1019 1399 1096 vocant,
1452 1006 1600 1080 rite
1647 1003 1842 1080 lecto
1869 1061 1891 1097 ‚
1947 1009 2212 1108 sicque
2245 1050 2252 1062 ·

154 1124 513 1199 absoluto
543 1179 568 1216 ,
632 1123 1009 1226 [litigatori
1072 1122 1106 1224 (
1141 1125 1432 1224 quippe
1492 1147 1730 1198 musae
1787 1127 2021 1224 gratia
2073 1127 2216 1200 ad-

158 1242 449 1342 stanti)
498 1245 865 1343 synopsin
908 1265 1223 1316 summae
1260 1245 1411 1316 acti
1456 1247 1896 1319 secretarius
1939 1248 2217 1324 Latino

160 1385 517 1438 sermone
556 1360 869 1436 faciebat
889 1418 912 1453 ,
954 1386 1273 1463 eamque
1306 1363 1519 1465 apud
1569 1390 1647 1438 se
1691 1364 2063 1458 servabat,
2117 1389 2220 1442 ne

162 1479 365 1580 quid
389 1478 701 1554 audacia
736 1477 1043 1572 adderet
1070 1479 1492 1554 demeretve
1506 1535 1528 1573 ,
1562 1481 2005 1582 impediens.
2043 1485 2222 1575 Quo

162 1595 398 1688 facto,
434 1621 611 1672 cum
644 1595 1017 1698 (purum)
1047 1598 1441 1698 recepisset
1481 1597 1851 1697 litigator,
1887 1602 2218 1699 rigorem

158 1713 441 1812 judicii
472 1711 887 1790 admiratus
900 1767 923 1805 ‚
972 1710 1068 1786 ad
1104 1715 1694 1815 primiscrinios,
1741 1719 1880 1817 qui
1919 1733 2218 1794 senten·

160 1835 451 1906 tiarum
474 1843 946 1905 executorem
965 1832 1540 1922 constituerant,
1553 1833 2212 1932 progrediebatur:

166 1945 251 2019 hi
290 1960 545 2020 autem
579 1970 719 2046 per
748 1945 1191 2047 adparentes
1218 1949 1403 2048 ipsis
1422 1947 1806 2046 adjutores
1823 2003 1844 2041 ,
1871 1953 2073 2026 viros
2097 1951 2221 2026 vel

80 2075 99 2090 “
168 2065 357 2165 ipsis
400 2065 773 2164 magistris
817 2067 1013 2138 circa
1059 2063 1452 2139 literarum
1500 2069 1952 2164 quaestiones
1991 2093 2220 2169 nego·

168 2185 377 2255 tium
434 2178 870 2268 facessentes
890 2235 913 2272 ,
970 2179 1429 2283 implebant,
1478 2183 1564 2254 in
1618 2207 1870 2257 aversa
1924 2184 2223 2277 charta,

168 2297 413 2372 literis
450 2319 759 2386 omnem
792 2298 1045 2370 statim
1096 2297 1593 2374 reverentiam
1642 2324 1727 2372 ac
1779 2313 2224 2398 potestatem

168 2439 330 2516 prae
366 2436 443 2486 se
489 2411 941 2506 ferentibus,
986 2412 1084 2486 ad
1120 2439 1405 2488 nomen
1438 2414 1920 2514 completoris
1951 2417 2221 2492 adscri-

168 2531 459 2607 bentes.

304 2675 415 2722 ια.
464 2646 658 2722 Mihi
690 2672 868 2724 vero
902 2645 1251 2741 lacrymae
1279 2648 1780 2742 oboriuntur,
1810 2651 1992 2752 legis
2022 2655 2222 2743 vim,

170 2791 265 2840 ac
310 2765 699 2867 quomodo
750 2789 894 2840 nos
948 2765 1458 2840 dilaceraverit
1516 2770 1886 2868 omnique
1940 2772 2224 2844 virtute

172 2883 609 2986 spoliaverit
648 2882 942 2988 daemon
968 2937 991 2976 ,
1031 2909 1333 2957 mecum
1376 2886 1787 2983 reputanti.
1819 2889 2225 2986 Suspicans

174 3005 391 3080 enim
460 3002 622 3094 lex,
675 3027 927 3102 neque
975 3003 1141 3074 sine
1191 3025 1445 3092 causa,
1494 3023 1762 3099 eorum
1781 3058 1802 3094 ,
1849 3006 1988 3103 qui
2043 3033 2224 3107 por-

176 3123 513 3220 rigerent
579 3119 986 3194 sententias
1016 3171 1039 3210 ,
1122 3141 1302 3190 cum
1370 3106 1962 3217 completoribus
1995 3176 2016 3214 ,
2085 3136 2226 3196 aut

178 3237 465 3314 horum
506 3261 683 3310 cum
736 3237 866 3328 iis,
902 3248 1163 3308 contra
1213 3257 1406 3330 quos
1448 3231 1866 3326 ferrentur,
1911 3237 2228 3312 audaces

60 3425 71 3438 ,
180 3377 629 3446 consensus,
659 3359 929 3427 severis
960 3373 1377 3451 poenasque
1402 3350 1948 3426 minitantibus
1978 3353 2231 3439 verbis

178 3473 581 3548 admoneri
620 3497 667 3546 a
710 3472 1081 3544 ministris
1112 3470 1613 3567 justitiaeeos,
1653 3469 1940 3570 quibus
1979 3473 2226 3546 crede-

180 3605 491 3681 rentur,
532 3591 885 3691 praecepit
904 3643 925 3681 ,
968 3587 1277 3687 haecque
1310 3581 1574 3678 scribi,
1615 3613 1773 3688 quo
1805 3591 2064 3662 omnia
2095 3616 2228 3663 au-

181 3707 451 3783 dentes
486 3707 1054 3809 provinciarum
1089 3720 1515 3779 executores
1551 3701 1844 3804 pudore
1873 3710 2232 3808 reprime-

180 3839 478 3900 rentur.
516 3823 839 3922 Adjutor
862 3827 1109 3916 enim·‚
1143 3807 1358 3924 quasi
1396 3825 1842 3923 permittens
1862 3827 2229 3926 principi·

180 3940 336 4020 bus
361 3941 693 4038 ordinis,
722 3945 805 4020 in
846 3969 1007 4048 quo
1032 3937 1225 4020 forte
1257 3941 1658 4041 militabat,
1691 3967 1866 4018 eum
1889 3997 1913 4034 ,
1958 3949 2096 4046 qui
2131 3947 2228 4022 ad

1863 4087 1953 4136 22

838 4155 871 4178 S
