3050 5017
480 463 1057 518 amrunmcu
1104 465 1510 514 nonnus
1555 469 1719 518 ιη.
1767 473 1822 521 1.
2085 450 2180 524 65

136 600 345 672 sam,
392 603 537 654 cur
587 575 816 667 ferat,
867 574 1151 666 sciens,
1202 587 1659 675 tantumque
1699 584 2186 659 consuetudi-

144 723 331 772 nem
378 709 725 796 sequens.
783 694 1155 768 Omnium
1204 716 1383 764 vero
1431 695 1755 770 civitatis
1809 677 2194 799 magistra·¹

138 829 371 888 tuum
424 813 781 913 princeps
834 824 991 883 erat
1052 809 1403 907 magister
1448 812 1800 908 equitum
1838 869 1861 906 ‚
1935 843 2186 918 neque

138 933 508 1033 cuiquam
552 956 641 1004 eo
670 928 927 1026 judice
965 926 1061 1000 ad
1092 922 1672 1025 adpellationem
1717 933 2068 1032 progredi
2098 935 2187 1008 11.

138 1049 381 1124 cebat.
408 1047 757 1147 Amplius
788 1071 915 1122 sex
955 1069 1247 1128 menses
1273 1069 1501 1118 nemo
1540 1044 1996 1122 dictatorum
2034 1052 2190 1126 sin-⁵

138 1166 405 1265 gulare
424 1164 835 1264 imperium
865 1164 1154 1254 tenuit3
1200 1176 1278 1234 at
1302 1159 1451 1234 fuit
1480 1177 1555 1234 et
1584 1162 1832 1238 multo
1851 1161 2188 1260 brevius,

138 1297 215 1354 et
241 1283 485 1354 unius
513 1295 813 1354 tantum
838 1278 1012 1355 diei.
1038 1281 1143 1357 Ac
1164 1275 1360 1350 nihil
1386 1279 1742 1378 impedit,
1770 1285 2194 1380 quominus

144 1401 349 1498 ipsos
402 1397 800 1470 dictatores
826 1451 849 1490 ,
888 1410 967 1468 et
1008 1411 1201 1497 quot
1224 1450 1247 1489 ,
1287 1396 1812 1498 quamdiuque
1853 1398 2144 1474 fuerint
2165 1455 2190 1494 ,

142 1499 853 1588 commemoremus.

238 1629 375 1704 38.
424 1631 725 1704 Primus
749 1629 1072 1703 dictator
1096 1629 1314 1704 Titus
1334 1631 1662 1707 Marcius
1679 1683 1706 1722 ‚
1737 1634 1879 1738 qui
1902 1637 2190 1732 primos

142 1745 495 1822 consules
520 1795 541 1833 ‚
570 1748 827 1819 Titum
852 1757 927 1819 et
947 1746 1326 1821 Valerium
1348 1801 1371 1837 ,
1401 1748 1658 1822 denuo
1685 1754 1980 1832 creavit.
2010 1759 2191 1828 Orta

140 1881 401 1938 autem
424 1862 797 1936 discordia
815 1918 836 1953 ,
860 1887 1037 1936 cum
1062 1863 1409 1950 consules
1434 1863 1902 1940 abdicassent
1919 1923 1940 1958 ‚
1961 1869 2189 1956 dicta-

76 2077 85 2084 ·
144 1997 263 2056 tor
310 1981 499 2054 alios
548 1982 632 2054 in
668 2005 937 2054 eorum
974 1979 1228 2054 locum
1259 1979 1594 2069 calendis
1629 1984 2189 2084 septembribus

144 2098 597 2176 nominavit.

422 2365 729 2419 emm
770 2365 1105 2436 mio,
1150 2367 1297 2418 nuo
1338 2367 1620 2419 mum
1655 2369 1918 2424 rums.

236 2572 561 2650 Decimo
583 2573 907 2672 septimo
938 2595 983 2646 a
1016 2571 1417 2654 consulatu
1450 2597 1658 2652 anno
1679 2629 1706 2682 2
1747 2603 1910 2656 non
1953 2603 2193 2678 parvo

142 2689 462 2766 dissidio
494 2705 837 2765 senatum
892 2692 1095 2766 inter
1125 2691 1582 2792 plebemque
1611 2711 1922 2786 coort0‚
1963 2697 2189 2796 plebs

144 2809 345 2883 duos
382 2805 733 2900 tribunos
765 2787 1271 2906 creav1t‚qui
1306 2808 1674 2907 plebejis
1647 2836 1776 2906 jus
1803 2811 2190 2912 dicerent,

146 2925 471 3025 foroque
510 2941 961 3026 praeessent.
998 2926 1137 3024 qui
1164 2925 1261 2996 ad
1300 2929 1802 3026 arrogantiam
1849 2931 2190 3026 provecti
2243 2939 2250 2946 ’
2335 2944 2340 2954 ·

142 3043 347 3143 ipsos
394 3043 747 3142 patricios
782 3041 1285 3144 condemnare
1332 3069 1491 3116 non
1527 3043 1921 3118 erubuere.
1963 3052 2193 3123 Anno

140 3176 404 3235 autem
432 3185 478 3232 a
500 3158 899 3234 consulatu
925 3162 1285 3260 vigesimo
1310 3162 1534 3242 tertio
1557 3160 1920 3234 trifariam
1951 3167 2187 3263 impe·

140 3279 359 3353 rium
374 3276 703 3354 divisum
724 3293 873 3367 est,
912 3279 1114 3353 inter
1132 3277 1485 3352 consules
1508 3331 1531 3364 ,
1548 3276 1982 3374 pmfectum
2009 3281 2189 3355 urbi

140 3413 221 3470 et
256 3396 555 3496 plebem
606 3425 625 3470 z
668 3414 745 3472 et
776 3395 1127 3474 consules
1146 3397 1461 3496 quidem
1488 3396 1684 3473 bella
1713 3397 2188 3476 administra·

122 3513 333 3590 -bant
354 3569 381 3602 ‚
424 3511 635 3612 plebs
662 3515 1031 3589 militabat·
1056 3569 1079 3604 ‚
1134 3513 1525 3613 praefectus
1551 3513 2026 3598 vero=urbem
2057 3545 2188 3594 cu-

138 3629 519 3703 stodiebat
558 3687 581 3723 ‚
642 3630 1184 3732 dicebaturque
1232 3649 1482 3705 custos
1527 3631 1761 3705 urbis.
1805 3635 2188 3732 vigesimo

139 3764 407 3820 autem
450 3764 713 3823 octavo
756 3775 799 3822 a
834 3751 1227 3824 consulatu
1266 3775 1518 3840 anno,
1575 3747 1796 3848 pl'ebe
1831 3773 1871 3820 a
1919 3767 2188 3826 senatu

140 3862 685 3958 dissentiente,
734 3867 1051 3942 dictator
1092 3867 1344 3942 dictus
1386 3883 1495 3942 est
1547 3867 1787 3940 Aulus
1841 3871 2190 3966 Sempro-

142 3981 379 4073 nius,
426 3983 781 4084 quicum
814 4009 857 4062 e
899 4001 1165 4080 senatu
1192 3987 1457 4082 Cajum
1501 3983 1838 4076 Julium,
1893 4009 1944 4060 e.
1966 3985 2192 4086 plebe

1836 4127 1886 4198 9
