3050 5017
576 471 1135 521 le'nntlcuz
1186 470 1590 519 ROMANAE
1639 470 1801 519 LIB.
1855 472 1902 519 1.
2147 470 2230 517 21

215 574 489 673 Syllam
532 580 877 653 videlicet
930 582 1409 677 Mariumque
1443 632 1463 669 ‚
1521 595 1597 651 et
1643 580 2242 653 dominationem

216 696 714 783 tyrannidem.
745 698 1205 797 Deprimunt
1242 698 1477 795 igitur
1506 697 1946 795 principum
1985 698 2242 792 majes-

212 824 435 887 tatem
472 818 685 915 pravi
718 816 1173 906 adulatum,
1224 816 1651 914 ignorentia
1693 840 1976 889 morem
2004 871 2025 905 ‚
2082 840 2244 913 quo

212 932 353 1026 ipsi
404 934 636 1030 primi
670 958 1057 1007 servorum
1091 935 1286 1024 sint,
1339 932 1806 1007 inducentes.
1853 932 2077 1024 Quod
2121 958 2242 1005 ve-

213 1054 385 1118 rum
422 1073 573 1121 esse
595 1105 618 1140 ‚
667 1076 759 1125 ex
798 1050 918 1125 his
960 1053 1183 1123 etiam
1226 1048 1574 1149 colligere
1621 1050 1814 1123 licet.
1859 1054 2242 1147 Augustus

213 1160 619 1262 aliquando
634 1222 657 1255 ‚
682 1168 801 1241 vel
826 1166 1129 1241 fortasse
1150 1169 1493 1241 Tiberius
1511 1221 1535 1257 ‚
1558 1170 1695 1265 qui
1723 1167 1834 1239 illi
1859 1169 2240 1257 successit,

210 1278 303 1350 ab
330 1279 811 1355 adulatorum
834 1309 993 1357 uno
1015 1284 1375 1357 dominus
1396 1282 1850 1381 adpellatus,
1877 1284 2198 1355 surrexit
2217 1334 2240 1371 ,

210 1395 647 1497 dimisitque
681 1403 1121 1473 concionem
1142 1454 1165 1491 ,
1201 1400 1606 1499 indignum
1654 1425 1730 1473 se
1751 1453 1772 1487 ‚
1822 1414 1912 1471 ut
1953 1398 2196 1470 aiebat
2217 1452 2238 1487 ,

212 1530 567 1612 reputans
588 1572 611 1609 ‚
661 1543 837 1591 cum
886 1520 1117 1591 servis
1168 1517 1523 1615 colloqui.
1562 1522 1844 1589 Verum
1877 1542 2052 1587 cum
2079 1517 2236 1611 jam

208 1647 421 1707 antea
446 1650 535 1708 ut
559 1635 801 1711 honos
826 1639 1242 1735 ignominia
1266 1637 1694 1709 introducta
1719 1639 1816 1741 sit
1837 1690 1860 1727 ,
1902 1660 2238 1707 mansue·

210 1755 473 1827 tissimi
496 1758 869 1858 principis
899 1760 1137 1831 nostri
1164 1756 1558 1846 modestia,
1609 1757 1958 1856 quamvis
1992 1754 2237 1825 mode·

210 1874 495 1945 ratione
515 1897 779 1947 omnes
798 1876 1151 1949 omnium
1176 1890 1608 1972 temporum
1629 1874 2016 1971 principes
2035 1885 2236 1943 ante-

207 1986 457 2079 cedat,
510 2002 587 2061 et
624 1988 919 2061 domini
964 2014 1289 2079 nomen,
1344 1988 1583 2061 veluti
1629 1986 1816 2059 boni
1864 1988 2232 2085 parentis,

206 2106 532 2201 patitur,
584 2131 741 2178 non
778 2104 1111 2205 gaudens
1147 2132 1277 2197 eo,
1326 2104 1455 2178 sed
1482 2128 1748 2177 verens
1791 2106 2092 2202 potius,
2133 2127 2232 2175 ne

207 2224 335 2319 qui
365 2226 712 2305 venerari
752 2248 833 2297 se
858 2224 1328 2307 arbitrentur
1352 2278 1375 2316 ,
1412 2223 1719 2319 rejicere
1755 2220 2121 2295 videatur.

656 2470 769 2552 1)ss
843 2468 1395 2521 Iustcxssnus
1473 2469 1774 2521 REGIS.

305 2692 369 2765 7.
428 2669 590 2738 Jam
622 2683 795 2740 ante
830 2668 1241 2741 Romulum
1273 2669 1600 2767 insignia
1629 2667 2074 2739 Latinorum
2107 2691 2230 2738 re-

199 2786 323 2887 gni
343 2799 565 2857 erant
596 2784 921 2859 thronus
934 2786 1421 2877 cancellatus,
1454 2801 1532 2857 et
1557 2788 1816 2877 vestis,
1835 2810 2062 2883 quam
2085 2786 2230 2882 ipsi

201 2898 526 2971 trabeam
542 2900 843 2973 dicunt:
872 2929 1039 3001 quae
1053 2903 1301 3002 qualis
1320 2900 1584 2993 fuerit,
1604 2902 1833 3001 paulo
1851 2916 2022 3001 post
2037 2900 2232 2973 dice-

198 3030 337 3087 tur.
362 3016 587 3089 Unde
615 3033 815 3090 vates
843 3024 1227 3091 Romanus
1249 3073 1272 3110 ,
1304 3022 1387 3091 in
1410 3019 1608 3092 libro
1641 3020 1962 3118 septimo
1989 3018 2227 3090 AEnei-

197 3130 323 3203 dos
342 3188 362 3221 ,
406 3132 622 3205 latini
646 3136 923 3233 regiam
948 3135 1373 3209 describens
1400 3135 1660 3207 throni
1677 3149 1752 3207 et
1775 3134 2039 3207 trabeae
2074 3157 2228 3203 me-

194 3249 493 3322 minit.A
504 3264 534 3321 t
544 3250 867 3323 Romulo
881 3244 1158 3324 corona
1178 3252 1345 3350 insu
1353 3276 1618 3349 perera
1626 3266 1679 3341 t,
1693 3255 2240 3349 sceptrumque

190 3367 270 3437 in
296 3391 601 3440 summo
624 3368 950 3468 aquilam
979 3392 1277 3467 gerens,
1300 3383 1375 3440 et
1392 3368 1676 3469 penula
1703 3366 1866 3441 alba
1891 3423 1912 3457 ,
1939 3367 2184 3441 talaris
2203 3424 2226 3461 ,

184 3480 279 3552 ab
314 3480 695 3575 humeris,
758 3487 839 3556 in
890 3487 1249 3558 anteriori
1286 3501 1495 3584 parte
1518 3540 1540 3575 ,
1580 3484 1673 3558 ad
1703 3485 1927 3585 pedes
1947 3486 2225 3583 pannis

183 3601 595 3698 purpureis
627 3602 909 3699 virgata
974 3611 1001 3692 (
1034 3626 1315 3674 nomen
1370 3617 1622 3673 autem
1674 3600 1968 3700 penulae
2015 3616 2222 3699 toga,

183 3714 261 3784 id
288 3730 401 3787 est
430 3730 955 3814 tegumentum
982 3772 1005 3807 ‚
1060 3718 1291 3816 idque
1323 3744 1461 3815 per
1502 3716 1994 3789 antistichum
2037 3743 2078 3787 a
2119 3733 2221 3789 te-

53 3902 57 3907 ,
178 3852 354 3929 gere
398 3856 421 3919 ;
478 3833 585 3903 sic
615 3834 821 3904 enim
852 3833 1082 3907 latine
1106 3842 1175 3909 τὸ
1201 3841 1427 3913 σκέπειν
1453 3833 1773 3927 dicitur)
1791 3886 1810 3925 ,
1845 3848 1919 3907 et
1948 3832 2215 3907 calcea·

258 3980 337 4059 5)
378 3980 527 4059 ,cod-0
563 3986 973 4074 ῥεμὸδωμένος.
