3050 5017
597 1132 745 1205 DE
814 1134 1820 1211 MAGISTRATIBUS

266 1512 279 1525 .
426 1434 1293 1543 REIPUBLICAE
1358 1453 1988 1547 ROMANAE

900 1792 1269 1875 LlnER
1332 1770 1490 1870 1'11.

172 2128 628 2251 Hmmmu,
659 2168 819 2271 lege
838 2224 859 2260 ,
902 2184 995 2243 ut
1021 2169 1340 2267 opinor,
1381 2170 1804 2265 observata,
1845 2188 1924 2249 et
1949 2198 2216 2251 seeun-

166 2292 365 2365 dum
420 2288 633 2391 quod
686 2302 867 2363 ante
925 2284 1313 2387 pollicitus
1360 2312 1534 2361 sum
1569 2344 1592 2381 ,
1665 2292 2222 2390 magistratibus

170 2406 529 2482 civilibus
580 2405 943 2511 enarratis
974 2458 995 2493 ‚
1070 2405 1320 2477 visum
1386 2420 1500 2479 est
1561 2402 1756 2479 mihi
1811 2413 2218 2510 proprium

168 2528 563 2629 quendam
597 2550 683 2599 ac
722 2524 1184 2623 singularem
1224 2522 1572 2600 libellum
1615 2527 1712 2601 de
1745 2532 2076 2607 maximo
2109 2532 2218 2609 of-

174 2646 351 2721 ficio
394 2646 630 2745 primi
678 2646 1255 2743 magistratuum
1293 2642 1620 2721 historiae
1665 2646 2036 2745 subjicere
2058 2704 2080 2740 ‚
2129 2652 2213 2726 in

142 2750 333 2861 'quo
358 2764 537 2861 quis
557 2763 973 2860 pristinum
992 2760 1161 2857 ejus
1180 2759 1660 2859 splendorem
1687 2766 2216 2865 egregiamque

171 2878 657 2979 disciplinam
704 2876 1021 2953 obscure
1060 2879 1502 2951 intueatur:
1549 2902 1785 2978 quam
1823 2904 2022 2981 pene
2053 2906 2216 2981 per-

168 2998 407 3070 ditam
442 3016 849 3095 generosus
883 3008 1140 3067 noster
1174 2996 1586 3093 imperator
1609 3020 1774 3071 non
1810 3022 2071 3097 passus
2097 3014 2214 3073 est

164 3111 524 3187 funditus
556 3112 947 3211 extingui,
988 3111 1485 3210 continetque
1518 3114 2086 3211 quodammodo
2133 3132 2214 3190 et

164 3232 624 3331 constringit
652 3229 1113 3305 dilabentem
1144 3243 1485 3327 tempore
1516 3233 2072 3329 antiquitatem.
2103 3236 2210 3307 Ac

161 3350 415 3449 major
431 3350 743 3451 quidem
760 3404 785 3441 ‚
822 3372 1060 3449 quam
1090 3370 1342 3447 nuper
1362 3402 1385 3440 ‚
1410 3372 1549 3448 per
1573 3347 1798 3423 illum
1824 3364 1938 3423 est
1958 3372 2209 3449 respu-

158 3468 363 3541 blica
381 3523 404 3560 ,
426 3466 663 3559 Libya
683 3465 905 3541 nohis
920 3465 1211 3542 reddita
1232 3522 1255 3557 ,
1281 3490 1441 3542 non
1463 3490 1697 3567 parvo
1712 3465 1920 3541 bono
1935 3520 1958 3557 ,
1979 3470 2206 3541 Euro-

154 3610 417 3683 paque
437 3585 837 3657 maximam
858 3600 1147 3685 partem
1176 3584 1361 3683 (hac
1378 3587 1586 3658 enim
1612 3586 1696 3657 in
1715 3584 2199 3659 Occidentem

152 3704 584 3802 porrigitur
608 3735 629 3794 ς
666 3704 863 3777 sicut
902 3705 1289 3776 Orientem
1337 3718 1584 3805 totum
1627 3706 1789 3775 Asia
1815 3760 1838 3799 ‚
1889 3700 2200 3800 solaque

156 3820 519 3917 tribuit);
546 3823 705 3920 ipsa
726 3836 979 3895 autem
1002 3826 1236 3894 Roma
1258 3874 1279 3911 ,
1306 3822 1608 3921 imperii
1635 3834 1874 3892 matre
1891 3875 1912 3912 ‚
1939 3821 2198 3893 vincu—
2297 3886 2301 3891 .

150 3937 251 4026 lia
277 3954 354 4025 et
378 3936 763 4021 barbarica
806 3954 1169 4055 potestate
1195 3936 1467 4015 sudore
1500 3938 1972 4051 imperatoris
2003 3934 2186 4017 libe-
