3050 5017
362 431 927 535 nntrumacAiz
976 478 1389 529 nouimus
1440 478 1592 531 mn.
1653 478 1780 539 ιιι.
1956 464 2102 561 247

76 592 349 693 quippe
396 596 561 693 ipsa
611 593 773 666 loca
827 593 1208 675 lustravit,
1243 607 1334 687 ut
1388 608 1568 691 pote
1614 596 1760 693 ipsi
1813 597 2106 695 regioni

76 700 211 781 sub
262 714 556 810 optimo
606 704 927 809 Trajano
974 707 1367 809 praefectus
1421 736 1437 779 :
1498 708 1680 783 tales
1735 710 1944 784 enim
1993 710 2110 787 illi

78 828 539 924 magistratus
583 822 832 917 fuere,
869 828 1009 923 qui
1048 823 1600 923 rempublicam
1635 842 1712 899 et
1748 826 1988 921 literis
2031 842 2110 901 et

74 936 269 1013 factis
302 944 397 1016 ad
436 959 722 1016 tantam
758 940 1072 1042 gloriam
1108 940 1534 1015 eveherent.

170 1055 280 1145 54.
312 1060 445 1131 His
474 1057 729 1161 quoad
750 1062 1026 1150 Persas,
1050 1059 1481 1131 innumeris
1502 1081 1681 1131 vero
1701 1054 1867 1130 aliis
1891 1056 2114 1129 bellis

72 1178 335 1249 coortis
358 1231 377 1265 ,
440 1174 525 1249 in
586 1192 975 1275 posterum
1053 1176 1363 1248 literatis
1430 1175 1525 1248 ad
1587 1174 2113 1275 praefecturam

72 1290 305 1365 aditus
344 1319 503 1365 non
540 1296 810 1393 patuit.
836 1290 1180 1395 ‘Pecunia
1219 1308 1475 1365 autem
1507 1316 1704 1391 opus
1739 1308 1933 1385 erat,
1971 1316 2116 1365 neo

72 1408 217 1481 sine
271 1434 356 1481 ea
406 1409 827 1510 quidquam
882 1432 1189 1499 eorum,
1244 1435 1413 1509 quae
1461 1409 1893 1508 oportebat,
1919 1408 2116 1503 ‘fieri

72 1540 371 1623 poterat.
397 1530 501 1599 Ac
535 1553 633 1598 ne
659 1524 851 1625 quid
880 1528 961 1598 in
986 1524 1386 1599 evertenda
1414 1523 1739 1625 pristina
1756 1525 2116 1629 felicitate

74 1643 757 1739 praetermitteretur
770 1698 790 1734 ,
813 1641 1268 1716 exsultantes
1282 1658 1713 1742 terramque
1734 1637 2116 1717 findentes

76 1774 315 1834 motus
375 1760 663 1833 Seleuci
724 1756 1204 1831 Antiochiam
1275 1760 1638 1833 radicitus
1696 1777 2065 1834 eruerunt
2089 1814 2114 1853 ,

74 1898 285 1975 super
314 1878 595 1974 jacenti
643 1872 833 1949 colle
868 1876 1137 1949 urbem
1170 1886 1548 1976 tegentes3
1583 1877 1802 1952 nullo
1835 1894 1927 1953 ut
1966 1880 2115 1963 dis-

78 1984 383 2065 crimine
418 1994 705 2065 montis
733 1990 1100 2092 urbisque
1130 1992 1313 2065 locis
1343 1990 1644 2085 relicto,
1683 2008 1931 2068 totum
1961 1994 2115 2067 val-

76 2106 163 2181 les
180 2125 257 2182 et
280 2107 579 2209 scopuli
598 2125 1057 2209 occuparent
1075 2164 1095 2200 ,
1114 2112 1253 2210 qui
1273 2108 1816 2209 praeterfluenti
1838 2109 2116 2184 urbem

78 2230 363 2301 Orontae
400 2225 749 2299 umbram
802 2227 1193 2326 quondam
1236 2222 1737 2326 praebuerant.
1783 2232 2115 2300 Immen-

78 2364 211 2416 sam
246 2346 506 2444 itaque
525 2344 697 2416 auri
733 2345 1031 2445 copiam
1058 2342 1455 2417 effundere
1480 2340 1875 2443 praefectus
1905 2369 2116 2443 coge·
2166 2409 2184 2431 ,

76 2454 325 2550 batur,
382 2485 541 2559 quo
597 2458 802 2533 elatae
852 2463 1079 2534 ruina
1136 2457 1413 2551 moles,
1469 2485 1638 2558 quae
1695 2461 1777 2532 in
1831 2460 2116 2533 excelsa

72 2581 370 2680 aviaque
401 2580 583 2677 juga
621 2574 1153 2652 intumuerant
1175 2633 1195 2670 ,
1245 2577 1556 2650 interim
1584 2574 2112 2651 auferrentur:

74 2700 335 2770 etenim
401 2696 911 2797 periculosum
972 2712 1131 2771 erat
1168 2752 1190 2787 ,
1254 2702 1619 2793 Syrorum
1680 2696 2112 2795 principem

78 2814 325 2889 urbem
389 2816 753 2913 dejectam
828 2814 1225 2915 negligere.
1294 2816 1489 2885 Cum
1542 2822 1799 2886 autem
1865 2812 2116 2885 multo

82 2930 312 3008 labore
331 2948 409 3009 et
433 2932 776 3036 pecuniae
799 2936 879 3007 vi
899 2936 1338 3031 artiumque
1362 2956 1508 3031 ope
1530 2932 1748 3027 quasi
1775 2953 1866 3002 ex
1889 2928 2118 3003 erebo

82 3051 247 3125 urbs
301 3067 814 3141 enasceretur‚
862 3050 1163 3122 sustine
1211 3046 1365 3119 fato
1421 3044 1824 3146 fungente,
1873 3045 2120 3124 fatalis

82 3164 425 3243 Chosroes
449 3195 589 3269 per
613 3166 960 3241 Arabiam
988 3188 1167 3238 cum
1197 3161 1754 3235 innumerabili.
1781 3170 2120 3238 exercitu

86 3283 155 3355 in
199 3288 443 3380 Syrias
478 3288 749 3379 irruit,
810 3288 1205 3386 ipsamque
1244 3302 1493 3380 nuper
1537 3278 1940 3380 collapsam
1984 3310 2120 3355 ur-

86 3398 237 3475 bem
260 3460 281 3494 ,
334 3402 628 3478 facilem
691 3402 874 3498 sibi,
933 3416 1021 3475 ut
1074 3414 1253 3500 pote
1315 3412 1648 3498 apertam
1671 3453 1693 3490 ,
1755 3416 2120 3499 superatu

89 3521 339 3615 visam,
376 3520 576 3597 bello
606 3535 937 3622 captam,
971 3517 1277 3591 infinita
1311 3517 1505 3589 caede
1544 3533 1830 3616 patrata
1854 3574 1873 3609 ,
1916 3544 2122 3593 com-

90 3630 342 3731 bussit3
358 3642 592 3740 signis
608 3650 858 3711 autem
871 3691 889 3726 ‚
903 3638 1119 3736 queis
1137 3651 1399 3708 ornata
1419 3650 1601 3726 erat,
1620 3660 1795 3707 cum
1817 3635 2122 3729 tabulis,

94 3750 453 3853 lapidibus
470 3757 941 3859 picturisque
972 3753 1334 3830 omnibus
1367 3777 1522 3825 una
1545 3752 1809 3823 ablatis
1827 3806 1846 3842 ‚
1877 3768 2116 3826 totam

96 3870 165 3945 in
198 3880 459 3969 Persas,
474 3877 764 3976 Syriam
800 3873 1069 3973 abegit.
1113 3875 1375 3969 Neque
1406 3894 1586 3942 vero
1627 3868 1948 3967 agricola
1981 3886 2118 3945 aut

92 3990 379 4073 collator
422 3992 604 4067 fisco
652 3990 957 4065 relictus
1007 4005 1167 4063 erat
1210 4016 1225 4061 ι
1272 4004 1347 4061 et
1380 3986 1761 4061 tributum
1800 3988 2113 4088 quidem
