3050 5017
522 446 1077 527 nnrrunmcu
1128 480 1538 529 nonnus
1585 476 1736 531 mr.
1790 486 1840 532 1.
2107 465 2202 540 25

170 584 337 659 illos
360 610 405 659 a
432 584 783 661 flammeo
819 586 1068 665 colore
1096 588 1366 663 dicunt
1396 618 1411 662 ε
1444 589 1539 662 de
1563 590 1850 689 quibus
1871 595 1954 667 in
1978 619 2208 696 opere

171 719 432 777 nostro
456 704 550 777 de
590 706 979 779 mensibus
1011 722 1123 779 sat
1162 706 1403 779 multa
1436 710 1768 808 exposita
1795 705 1996 786 sun't.
2041 720 2210 787 Haec

168 820 377 895 illius
404 824 765 922 temporis
786 846 1051 921 regum
1082 823 1429 922 insignia.

264 967 343 1040 9.
396 945 505 1015 De
522 957 807 1015 armata
826 956 1081 1015 autem
1103 942 1373 1015 militia
1388 948 1776 1035 Paternus,
1799 950 2212 1040 Romanus,

170 1060 251 1129 in
279 1056 483 1131 libro
508 1062 763 1158 primo
790 1059 1232 1133 tacticorum
1248 1114 1271 1150 ‚
1314 1062 1494 1160 ipsis
1512 1061 1761 1135 verbis
1785 1065 2210 1140 secundum

171 1178 593 1249 versionem
618 1231 641 1267 ,
693 1174 848 1249 haec
882 1178 987 1247 ait
1022 1205 1040 1247 ε
1078 1204 1115 1243 α
1138 1173 1507 1249 Romulus
1538 1194 1792 1251 autem
1829 1184 2215 1276 curioneS,

172 1296 307 1393 qui
344 1294 575 1367 sacris
597 1307 1029 1398 praeessent,
1070 1294 1499 1385 constituit,
1547 1293 2001 1396 eosdemque
2043 1324 2218 1373 cen-

174 1413 516 1484 turiones
564 1410 1029 1509 pedestrium
1092 1408 1454 1482 ordinum
1517 1414 1962 1486 nominavit.
2017 1421 2216 1489 Cum

172 1530 382 1601 enim
406 1528 549 1601 tria
566 1526 806 1601 millia
826 1541 1071 1599 essent
1092 1524 1439 1625 peditum
1460 1543 1956 1621 scutatorum,
1975 1533 2220 1605 cuivis

174 1646 534 1717 centuriae
560 1644 831 1717 ducem
852 1640 1179 1743 praesecit
1202 1648 1465 1741 (quem
1492 1648 1729 1719 Graeci
1771 1652 2219 1749 ἑκατόνταρχον,

170 1764 495 1835 Romani
544 1762 1066 1835 centurionem
1121 1775 1390 1833 vocant
1423 1766 1451 1853 )
1519 1790 1536 1833 ε
1591 1778 1680 1835 ut
1733 1769 2219 1841 centuriones

172 1904 443 1954 omnes
484 1894 731 1953 essent
764 1880 1116 1977 triginta,
1160 1878 1630 1978 totidemque
1669 1882 2092 1982 manipuli,
2139 1882 2220 1957 id

172 2014 318 2089 est,
363 1995 724 2098 signiferi.
762 1997 877 2069 Ab
908 1998 1237 2071 exercitu
1267 2012 1519 2070 autem
1562 2012 1936 2073 trecentos
1977 2014 2218 2073 scuta·

170 2130 285 2187 tos
332 2112 369 2213 (
400 2117 519 2187 -sic
548 2116 869 2231 Romani
914 2117 1268 2194 ἀσπιδιώτας
1315 2114 1640 2211 vocant)
1685 2114 1780 2187 ad
1827 2118 2217 2213 propriam

170 2229 589 2305 custodiam
618 2231 949 2305 secrevit.
972 2228 1217 2328 (Quid
1247 2229 1638 2328 clipeatus,
1668 2230 1860 2328 quid
1882 2246 2221 2305 scutatus

176 2346 431 2440 miles,
452 2344 683 2446 paulo
709 2362 881 2447 post
908 2346 1255 2445 dicetur.)
1278 2346 1570 2444 Adjecit
1599 2372 1779 2421 vcro
1808 2350 2049 2447 copiis
2076 2364 2220 2421 tre-

174 2480 439 2537 centos
453 2489 763 2563 quoque
782 2464 1095 2563 equites»,
1112 2464 1333 2561 queis
1350 2462 1680 2537 Celerem
1694 2464 2078 2563 quendam
2095 2490 2223 2539 no-

178 2586 391 2657 mine
413 2580 779 2683 praefecit:
811 2581 1017 2655 unde
1044 2579 1584 2673 synecdochice
1611 2583 2015 2655 universus
2029 2608 2226 2656 exer-

174 2703 377 2773 citus
406 2714 573 2773 tum
591 2698 935 2773 Celerum
952 2723 1238 2771 nomen
1268 2690 1515 2771 traxit'.
1547 2698 1820 2772 Tribus
1847 2724 2023 2773 vero
2037 2704 2228 2773 Cen-

174 2818 405 2891 turiis
432 2830 901 2889 constantem
924 2830 1347 2915 equestrem
1378 2840 1697 2889 manum
1719 2816 1965 2889 tribus
1987 2820 2224 2890 nomi—

178 2914 417 3009 nibus
435 2932 779 3007 distinxit
794 2988 815 3023 ,
829 2934 1648 3022 Ramnium‚'l'itiorum
1675 2948 1750 3007 et
1771 2938 2224 3008 Lucerum.»

174 3055 533 3144 Quorum
586 3051 991 3123 nominum
1037 3073 1291 3123 causas
1322 3052 1403 3121 in
1444 3052 1536 3121 iis
1554 3105 1576 3141 ,
1625 3076 1826 3149 quae,
1871 3054 1989 3125 uti
2033 3052 2221 3125 dixi-

178 3192 393 3261 mus,
462 3167 557 3242 de
613 3166 1003 3243 mensibus
1052 3190 1096 3239 a
1141 3166 1363 3241 nobis
1390 3167 1667 3266 scripta
1722 3184 1942 3261 sunt,
1999 3195 2221 3269 expo-

178 3288 503 3361 suimus.

290 3429 403 3477 10.
430 3408 653 3479 Nunc
682 3404 1197 3477 interscutum
1224 3415 1299 3474 et
1318 3400 1652 3501 clipeum
1674 3403 1865 3502 quid
1894 3407 2218 3497 intersit,

174 3520 616 3594 dicendum.
654 3526 969 3595 scutum
1006 3521 1241 3619 igitur
1284 3522 1606 3593 Romani
1633 3520 1906 3595 dicunt
1929 3578 1952 3614 ‚
2006 3522 2220 3621 quod

178 3638 499 3711 firmum
527 3638 759 3711 simul
782 3652 858 3711 et
882 3654 1134 3726 tenue,
1159 3637 1367 3736 quod
1398 3637 1600 3710 idem
1623 3641 1854 3712 Graeci
1876 3647 2112 3729 ςιπτόν,
2142 3638 2220 3713 id

176 3772 291 3827 est
309 3812 329 3845 ‚
366 3760 647 3857 ςιβαρὸν,
682 3756 989 3843 dicunt,
1012 3752 1251 3828 veluti
1277 3756 1812 3855 Aristophanes
1840 3756 1922 3827 in
1947 3755 2217 3827 Achar-

174 3872 546 3946 nensibus
592 3902 609 3945 ε
659 3864 944 3946 densati
972 3896 1217 3961 senes,
1264 3873 1720 3945 Marathonii
1753 3872 2220 3972 proeliatores

176 3984 465 4089 ilignei.
526 3993 723 4065 Hinc
774 4005 849 4062 et
906 3992 1345 4065 vestimenta
1401 3993 1660 4064 tenuia
1708 3989 2094 4091 densaque
2143 4008 2216 4067 et

1935 4112 1985 4195 4
