3050 5017
423 349 992 436 htirunmcss
1045 383 1450 436 nonnus
1501 375 1657 436 ’mm
1710 367 1832 437 111⁶.
1998 351 2142 468 273

124 487 370 604 borum
391 553 414 591 ,
455 503 594 599 qui
623 500 720 573 ad
761 498 995 580 finem
1029 497 1314 594 militiae
1349 501 1927 604 perveniebant,
1982 495 2146 579 ino—

121 639 282 711 pem
304 631 765 692 senectutem
787 619 1201 716 sortientes.
1231 623 1272 688 J
1275 639 1411 690 ure
1436 619 1669 716 igitur
1696 647 1923 693 nemo
1948 622 2147 694 mili⁴

123 733 226 803 tiae
247 757 528 806 nomen
555 732 815 825 dabat3
847 757 1024 808 cum
1055 715 1372 831 antiquzi
1393 719 1945 816 consuetudine
1973 738 2151 837 plus

125 847 770 955 milleqquotannis
811 851 1086 924 notarii
1127 849 1539 924 militantes
1566 845 1951 926 laboribus
1983 879 2151 954 per-

118 959 384 1061 functis
405 1019 428 1056 ,
449 967 855 1064 proesertim
899 965 1410 1039 matriculario
1424 1021 1447 1058 ,
1482 984 1573 1042 ut
1594 973 1912 1068 vocant(
1934 971 2013 1044 id
2036 989 2148 1045 est

121 1067 612 1182 catalogorum
638 1081 990 1179 custodi),
1017 1104 1174 1155 non
1193 1107 1514 1182 parvum
1544 1086 1875 1160 reditum
1900 1091 2149 1163 conci-

123 1192 436 1272 liassent.
469 1203 714 1297 Atque
750 1199 986 1295 hujus
1003 1195 1142 1298 e‘go
1167 1202 1541 1301 particeps
1568 1200 1685 1274 fui
1701 1201 2153 1294 infortunii,

121 1338 210 1388 ne
241 1303 779 1416 quotidianum
808 1319 1096 1392 victum
1134 1318 1445 1416 quidem
1473 1317 1931 1418 complendo
1958 1322 2155 1394 mili-

121 1432 288 1506 tiam
339 1448 804 1508 consecutus.
837 1435 1134 1507 Etenim
1167 1487 1190 1522 ,
1237 1447 1556 1508 testante
1584 1435 1777 1508 mihi
1806 1439 2154 1527 veritate,

121 1535 362 1621 unum
387 1539 804 1656 noterium,
841 1535 980 1647 pei·
1001 1563 1247 1622 totum
1270 1549 1801 1650 completionis
1819 1575 2113 1626 annum
2128 1598 2153 1644 ,

119 1661 314 1740 haud
351 1669 508 1764 scio
539 1663 916 1754 militasse.
945 1665 1182 1762 Cujus
1215 1669 1326 1740 rei
1355 1671 1575 1742 variae
1614 1679 1829 1742 erant
1862 1693 2095 1744 causae
2128 1697 2149 1742 t

119 1787 452 1886 primum
479 1786 794 1886 quidem
827 1807 1126 1859 summa
1157 1786 1412 1861 litium
1455 1791 1823 1886 penuria;
1876 1787 2155 1862 deinde

119 1926 288 1976 vero
331 1917 452 1992 et,
503 1925 694 2002 quas
721 1901 1190 2000 probatorius
1232 1919 1506 1976 vocant
1528 1957 1550 1993 ,
1604 1903 1921 2002 parandi
1952 1901 2155 1978 diffi⁴

117 2008 394 2114 cultas3
439 2021 1086 2123 quemadmodum
1119 2043 1514 2122 exponam.-

211 2141 334 2241 67.
371 2143 580 2214 More
607 2141 929 2238 antiquo
955 2139 1522 2213 memorialibus
1551 2165 1693 2240 pro
1722 2140 2157 2240 probatoria

117 2257 230 2356 adj
237 2260 676 2356 utoris,quae
687 2255 783 2330 ad
798 2254 1312 2355 praefecturam
1327 2257 1795 2349 mittebatur,
1808 2245 2158 2358 quinque

116 2378 322 2468 aurei,
345 2371 874 2474 praebebantur
898 2386 1066 2446 tum
1090 2396 1436 2474 quoque,
1474 2395 1688 2466 cum,
1734 2374 2157 2448 secuudum

117 2483 486 2584 fabulam,
507 2513 732 2564 aurea
753 2505 922 2563 aetas
931 2478 1372 2589 splendebat
1397 2519 1414 2562 ε
1441 2515 1653 2566 nunc
1670 2505 1925 2563 autem
1939 2544 1962 2581 ,
1980 2515 2160 2563 cum

118 2631 214 2682 ne
263 2631 557 2684 nomen
601 2606 914 2707 quidem
959 2621 1068 2680 est
1115 2609 1442 2706 reperire
1479 2609 1807 2705 tempori
1850 2621 2111 2679 nostro·
2134 2659 2159 2694 ,

117 2749 252 2824 par
271 2725 444 2824 eju‘s
467 2725 820 2826 pravitati
841 2723 1344 2822 exprimendae
1363 2778 1384 2814 ,
1417 2724 1690 2820 viginti
1718 2725 1965 2794 aureis
1986 2749 2159 2821 pro·

116 2839 488 2916 batoriam
521 2841 614 2914 iis
637 2838 866 2913 vendi
893 2838 1406 2912 decreverunt.
1433 2841 1627 2910 Cum
1661 2853 1914 2910 autem
1940 2837 2159 2910 intel·

119 2957 482 3058 ligerent,
521 2955 908 3054 neminem
950 2955 1226 3029 audere
1242 3010 1266 3048 ,
1307 2958 1466 3028 imo
1507 2955 1895 3028 neminem
1944 2973 2185 3055 posse,

115 3061 314 3150 tanti
371 3073 600 3176 pretii
645 3065 1154 3176 probatorium
1205 3071 1352 3144 sibi
1389 3095 1691 3170 parare,
1754 3074 2166 3169 pragmati-

113 3217 280 3268 cam
319 3189 648 3268 formam
676 3193 822 3266 sibi
855 3207 1224 3266 extorsere
1265 3187 1563 3262 nemini
1594 3189 2161 3286 permittentem

111 3312 280 3382 sine
299 3308 546 3384 literis
571 3309 1072 3408 imperatoriis
1092 3305 1186 3380 ad
1213 3296 1565 3376 militiam
1597 3299 1961 3401 praefectis
1994 3299 2165 3374 sub-

111 3427 402 3524 jectam
445 3425 811 3500 accedere.
851 3429 1126 3498 Totum
1152 3437 1333 3496 vero
1365 3424 1450 3494 in
1499 3433 1971 3493 contemtum
2012 3443 2169 3490 ma-

106 3545 482 3643 gistratus
503 3541 732 3616 fiebat
749 3597 774 3634 ,
799 3544 926 3615 cui
953 3539 1132 3614 inde
1151 3539 1248 3613 ab
1276 3539 1497 3612 initio
1515 3537 1637 3610 lex
1656 3538 2168 3624 concessisset,

108 3685 258 3734 suo
305 3643 690 3768 suffragio
728 3684 924 3759 quos
975 3657 1198 3732 vellet
1251 3657 1566 3730 notariis
1610 3653 1880 3751 judicii
1930 3653 2167 3725 adnu-

109 3793 464 3869 merare;
523 3776 958 3875 multosque
1009 3776 1168 3874 ipse
1214 3775 1367 3846 scio
1405 3771 1793 3869 colloquio
1834 3783 2170 3870 receptos
2278 3769 2289 3778 ’

111 3895 534 3990 militasse,
563 3909 638 3968 et
669 3895 1079 3968 eminuisse
1123 3890 1355 3968 simul
1401 3887 1953 3990 cingulumque
1990 3911 2167 3964 cum

1738 4001 1835 4078 35
