3050 5017
456 471 1005 529 nmrtmtrcn:
1055 473 1455 529 nomme
1502 483 1664 532 Lm.
1723 485 1844 537 ιιι.
2033 491 2164 570 177

112 587 367 688 bant)
396 617 415 662 ε
443 593 733 690 quippe
760 593 897 691 qui
924 606 1087 663 tum
1114 590 1341 663 rebus
1365 612 1730 692 praeerant
1753 597 2174 699 (sapientes

110 711 337 782 enim
392 709 749 809 doctique
788 709 1084 808 erant),
1125 709 1457 783 sciebant
1477 767 1498 803 ,
1550 732 1848 789 noctem
1911 723 2171 794 remis-

108 829 475 904 sionibus
494 885 517 923 ,
540 831 741 906 diem
772 829 1157 904 laboribus
1180 857 1335 905 esse
1358 857 1398 904 a
1424 850 1693 908 natura
1715 862 2134 916 concessam
2149 893 2174 936 ,

106 973 214 1019 ac
245 947 450 1022 nefas
482 947 977 1048 reputabant,
1024 949 1155 1039 iis,
1190 951 1329 1049 qui
1360 967 1582 1024 nocte
1616 959 1934 1054 negotiis
1966 985 2172 1038 vaca·

102 1070 301 1140 :rent
320 1126 340 1160 ,
364 1073 676 1169 'parvam
723 1071 944 1142 etiam
993 1083 1165 1168 post
1206 1069 1405 1160 solis*
1430 1094 1774 1148 occasum
1823 1071 2172 1152 laborum
2231 1155 2236 1160 ,

104 1187 646 1259 remissionem
671 1189 979 1284 eripere.
1008 1190 1103 1259 At
1124 1187 1332 1259 enim
1359 1213 1534 1267 cum
1566 1215 1719 1264 non
1751 1195 1926 1267 satis
1945 1211 2172 1287 esset,

111 1309 213 1378 in
270 1307 489 1406 pejus
546 1331 663 1381 res
710 1306 976 1380 abiisse
998 1355 1019 1398 ‚
1076 1309 1329 1407 ipsum
1389 1335 1701 1410 quoque
1764 1313 1858 1384 ab
1902 1313 2172 1390 habitu

110 1425 479 1501 solatium
527 1428 1051 1526 honoremque
1082 1429 1580 1526 primiscrinii
1611 1437 1922 1506 amisere
1942 1489 1963 1526 ‚
1993 1492 2008 1511 .
2030 1489 2082 1509 ..
2107 1494 2124 1509 .
2147 1487 2163 1509 .

110 1546 271 1620 hoc
306 1547 569 1622 solatio
589 1602 610 1640 ,
647 1564 737 1621 ut
757 1547 1087 1620 diximus
1108 1601 1128 1636 ‚
1158 1547 1477 1650 spoliati.

688 1797 783 1848 m:
828 1797 1598 1852 commrntnmslmm.

244 2009 355 2084 16.
393 2001 584 2082 'Duo
626 2033 847 2100 cum,
882 2025 973 2081 ut
1017 2033 1243 2107 supra
1295 2009 1732 2101 retulimu5‚
1783 2037 2164 2088 commen*

114 2130 481 2202 tarienses
514 2141 790 2216 essent,
830 2149 1023 2224 quos
1060 2141 1360 2224 tempus
1394 2129 1863 2200 notariorum
1907 2155 1949 2202 e
1997 2157 2166 2204 mu·

116 2273 310 2322 nere
346 2245 840 2347 provehebat,
872 2247 1095 2318 sicuti
1121 2245 1503 2343 prioribus
1523 2297 1546 2337 ,
1577 2249 1674 2320 iis
1703 2273 2012 2347 quoque
2041 2277 2169 2324 sex

118 2367 548 2462 adjutoreS‚
586 2389 675 2436 ex
721 2360 1246 2462 Augustalium
1301 2363 1573 2435 ordine
1604 2364 1814 2454 lecti,
1865 2364 2166 2466 adpare-

118 2485 356 2569 bant,
384 2484 525 2554 viri
570 2505 824 2581 graves
856 2495 928 2553 et
968 2479 1270 2578 dignam
1321 2477 1479 2578 lege
1515 2485 2020 2555 austeritatem
2056 2510 2167 2556 os·

118 2601 521 2678 tendentes
551 2654 572 2690 ‚
633 2623 865 2699 penes
922 2621 1115 2698 quos
1182 2610 1338 2668 erat
1403 2599 1654 2670 omnis
1716 2597 2167 2698 praefecturae

118 2737 471 2825 potestas,
526 2721 619 2790 Hi
662 2715 1086 2790 criminales
1122 2739 1376 2788 causas
1410 2715 1500 2787 ad
1534 2715 1909 2812 judicium
1961 2717 2170 2791 defe-

122 2841 443 2930 rebant,
489 2835 1025 2938 adparentibus
1074 2835 1200 2926 iis,
1248 2847 1339 2904 ut
1374 2832 1892 2931 praediximus,
1928 2833 2164 2934 adpli-

122 2958 411 3033 citariis
433 2969 509 3029 et
530 2952 1053 3041 claviculariis3
1072 2950 1354 3049 quibus
1369 2948 1818 3023 accedebant
1839 2949 2161 3042 lictoreS,

126 3075 393 3150 ferreis
460 3071 786 3144 vinculis
854 3087 929 3143 et
986 3068 1403 3167 poenalium
1477 3071 2161 3142 instrumentorum

124 3190 757 3292 flagellorumque
792 3185 1195 3285 multiplici
1229 3183 1443 3283 copia
1478 3183 1854 3281 judicium
1891 3210 2166 3283 pavore

128 3313 517 3411 agitantes.
536 3307 961 3380 Constituto
976 3317 1227 3376 autem
1243 3301 1824 3374 ducenariorum
1843 3301 2166 3401 agmine,

132 3443 214 3501 et
264 3429 425 3498 sine
475 3424 655 3523 legis
698 3424 1137 3524 auctoritate
1184 3420 1429 3492 noxiis
1469 3417 1911 3516 castigandis
1959 3415 2167 3492 suffi-

130 3543 457 3618 ciebant.

216 3746 291 3818 6)
332 3741 483 3802 Cod.
508 3745 725 3802 ποινὲων
752 3741 869 3820 ὅργ.
885 3784 899 3798 .
918 3759 985 3798 a.

220 3845 292 3926 7)
335 3843 503 3918 Lego
542 3844 631 3900 καὶ
653 3843 944 3922 πλήκτρων.

220 3943 293 4014 8)
334 3937 481 3998 Cod.
506 3939 760 4004 ποικιλίας
782 3938 1091 3996 ἀλευὸντων.

218 4039 295 4118 9)
338 4039 619 4103 αὐθεντίας
650 4051 667 4095 2
698 4032 1047 4114 conjectura
1070 4045 1149 4088 ex
1174 4025 1423 4108 reliquis
1452 4023 1785 4086 literarum.

1737 4115 1829 4190 23
