3050 5017
460 452 997 502 nmptmmcuz
1044 451 1443 500 nonnus
1493 453 1646 502 mn.
1697 456 1827 504 111.
2024 431 2161 506 185

114 570 355 656 atque
386 559 481 632 ad
524 561 861 636 tribunal
890 559 1336 658 judicandas
1374 558 1662 634 deferre
1685 616 1707 653 ,
1739 563 2166 662 adparenti-

120 671 277 746 bus
304 676 395 748 iis
418 678 1113 758 nomenclatoribus
1132 733 1153 768 ,
1182 701 1377 775 quos
1402 676 1836 767 clamatores
1861 705 2174 780 congre-

122 805 611 892 gatoresque,
646 811 1075 870 senatorum
1112 793 1425 892 quidem
1456 793 1642 868 olim
1665 851 1687 887 ,
1735 823 1948 870 nunc
1990 823 2172 872 vero

124 905 551 986 forensium
585 928 1007 1003 oratorum,
1030 936 1183 986 esse
1208 912 1712 1012 praediximus,
1742 918 1892 986 Lex
1914 931 2172 990 autem

126 1044 298 1102 erat
324 1039 615 1131 (neque
632 1035 841 1108 enim
874 1048 1019 1123 est,
1049 1057 1301 1132 nuper
1326 1031 1426 1105 ob
1448 1031 1964 1125 stoliditatem,
1981 1036 2176 1127 sive,

128 1159 232 1217 ut
286 1171 551 1223 verum
604 1149 943 1222 dicamus
962 1203 983 1238 ,
1032 1151 1405 1222 insaniam
1456 1148 1869 1248 neglecta),
1913 1153 2180 1235 omnia

136 1287 287 1362 per
340 1264 781 1366 adparentes
835 1270 930 1342 iis
990 1265 1485 1348 chartularios
1521 1321 1546 1357 ,
1625 1270 1762 1367 qui
1818 1282 1894 1340 et
1947 1270 2090 1367 ipsi
2135 1292 2180 1340 e

138 1383 458 1454 notariis
525 1383 967 1483 legebantur
1008 1439 1029 1474 ,
1099 1387 1183 1456 in
1243 1383 1549 1481 regestis
1582 1438 1605 1473 ‚
1683 1397 1776 1454 ut
1845 1383 2122 1456 vocant
2155 1437 2181 1476 ,

138 1496 267 1568 vel
304 1499 738 1591 cotidianis,
795 1500 875 1572 id
919 1515 1057 1590 est,
1106 1505 1455 1599 e’qmpkpoqq,
1490 1499 1742 1572 notari
1767 1553 1790 1590 ,
1859 1501 2184 1600 (regesta

136 1628 399 1686 autem
436 1619 793 1690 Romanis
826 1618 1095 1706 libros,
1139 1618 1221 1686 in
1262 1615 1550 1714 quibus
1585 1630 1748 1688 acta
1779 1615 2182 1708 notabant,

138 1729 535 1830 adpellare·
556 1735 839 1832 placuit
861 1789 882 1824 ,
926 1736 1109 1833 quia
1136 1759 1255 1806 res
1278 1749 1517 1833 gestas
1549 1748 1824 1806 vooent
1847 1738 2008 1807 acta
2043 1737 2189 1808 rei-

140 1839 545 1943 publicae),
573 1851 973 1948 inquibus
1011 1849 1633 1950 quandocunque
1669 1851 2188 1948 quaerentibus

140 1965 767 2065 quandocunque
801 1963 961 2040 acta
996 1966 1209 2039 facile
1238 1966 1606 2064 brevique
1639 1967 2186 2057 inveniuntu13

134 2105 233 2152 ex
256 2082 443 2179 ipsis
484 2083 691 2154 enim
722 2085 1025 2182 regestis
1058 2099 1133 2156 et
1156 2081 1562 2158 cotidianis
1595 2096 1938 2154 actorum
1981 2107 2188 2155 sum-

140 2220 269 2268 ma
322 2196 791 2272 noscebatur.
857 2202 1045 2290 Quae
1107 2221 1285 2271 cum
1350 2195 1586 2270 officii
1653 2199 2188 2296 instrumenta·

138 2315 307 2386 rius
331 2313 429 2388 ab
458 2329 799 2390 actorum
830 2317 1246 2420 proepositis
1286 2317 1708 2408 sumsisset,
1775 2331 2078 2417 tempus
2109 2329 2192 2390 et

138 2429 535 2502 consulem
562 2431 659 2504 ad
690 2431 1006 2506 celerem
1034 2435 1475 2506 memoriam
1502 2433 1956 2532 compendio
1976 2435 2187 2506 citis·—

140 2548 335 2620 sime
388 2546 714 2622 notabat.
772 2555 865 2622 Et
919 2549 1065 2622 hoc
1127 2548 1437 2648 quidem
1474 2603 1497 2640 ,
1564 2547 2006 2650 admirabile
2071 2549 2184 2622 di·

140 2661 481 2762 sciplinae
538 2666 909 2740 indicium
950 2721 973 2756 ,
1042 2666 1443 2766 diligenter
1494 2663 1724 2741 fiebat
1757 2719 1778 2757 ,
1832 2679 1909 2738 et
1955 2651 2188 2738 omne

146 2797 453 2880 tempus
498 2785 581 2855 in
630 2785 1029 2858 cotidianis
1066 2783 1530 2872 notabatur3
1611 2805 1700 2854 ac
1757 2806 1856 2870 ne
1921 2807 2184 2854 vacan-

144 2915 259 2972 tes
300 2899 613 2998 quidem
652 2901 813 2975 dies
838 2904 1369 3000 perscriptores
1398 2896 1852 2972 omittebant
1871 2953 1892 2988 ,
1929 2921 2186 2970 causas

142 3041 463 3118 quoque
502 3073 523 3106 ,
598 3043 831 3118 quare
886 3041 1143 3090 vacare
1192 3041 1317 3090 eos
1362 3019 1832 3115 contingeret
1867 3071 1890 3108 ,
1949 3015 2181 3090 adno-

146 3149 415 3208 tantes.
452 3139 543 3208 Et
580 3134 727 3208 hoc
770 3134 1083 3233 quidem
1118 3132 1558 3205 admirabile
1583 3146 1741 3204 erat
1777 3157 2184 3230 :persona-

142 3249 347 3324 lium
392 3276 570 3326 vero
596 3305 617 3342 ,
663 3277 832 3352 quae
869 3265 1141 3325 vocant
1158 3306 1181 3340 ,
1226 3251 1674 3349 perscriptio
1709 3251 1975 3348 quavis
2023 3248 2182 3320 lau·

144 3369 243 3442 de
286 3369 531 3466 major
554 3369 725 3466 jure
758 3369 1339 3445 existimabatur.
1374 3367 1860 3466 Cognitiones
1891 3367 2182 3466 quippe

137 3487 578 3584 adjutorum
628 3487 1173 3560 literatissimus
1199 3486 1467 3558 Latino
1503 3506 1852 3557 sermone
1891 3498 2042 3556 tam
2067 3507 2184 3554 ac-

142 3618 408 3678 curate
465 3604 1077 3703 circumloquens
1125 3601 1518 3692 efferebat,
1572 3617 1657 3674 ut
1680 3655 1701 3690 ,
1755 3600 1929 3672 licet
1991 3597 2184 3672 forte

143 3722 400 3822 perire
428 3719 834 3818 aliquando
868 3721 1374 3820 cognitionem
1406 3717 1870 3819 contigisset,
1901 3739 1990 3792 ex
2027 3718 2188 3814 ipsa

234 3893 311 3966 5)
356 3890 503 3951 cod.
529 3915 684 3972 xpm..

236 3989 315 4064 6)
355 3991 523 4070 Lego
552 3993 921 4068 βοηθούντων.

1793 4087 1887 4168 24
