3050 5017
508 483 1067 538 nmlmnmcut
1118 483 1509 534 ROMANAE
1565 488 1722 536 mn.
1774 488 1860 536 11.
2075 489 2210 564 107

168 595 485 668 mitiani
517 595 868 703 adpellati
904 609 1106 669 sunt.
1138 597 1461 670 Comites
1486 623 1666 672 vero
1695 599 1864 672 Itali
1900 600 2214 686 amicos,

170 714 573 812 sociosque
602 715 895 787 itineris
926 727 1232 803 vocant,
1267 729 1341 785 et
1371 718 1812 789 comitatum
1847 717 2168 790 omnino
2189 767 2213 803 ‚

110 855 115 858 ·
170 832 321 926 qui
359 833 785 931 principem
822 828 1425 932 proficiscentem
1468 834 1951 906 comitantur.
1995 833 2214 931 Magi·

169 945 316 1016 stri
352 961 605 1020 autem
636 1002 657 1038 ,
692 971 922 1047 quem
953 960 1223 1022 vocant
1246 1001 1267 1037 ,
1306 973 1596 1046 munus
1623 964 1775 1021 tam
1825 949 2216 1022 abstrusus

170 1061 495 1158 quidem
528 1067 1005 1164 magistratus
1030 1089 1187 1138 non
1226 1079 1370 1157 est;
1396 1068 1771 1140 maximus
1791 1081 2042 1139 tamen
2063 1119 2085 1156 ,
2109 1079 2216 1137 at·-

174 1201 337 1274 que
364 1179 461 1251 ad
492 1179 817 1278 praefecti
844 1183 1193 1280 praetorio
1216 1181 1586 1254 honorem
1619 1183 2224 1281 pd'testatemque‘

174 1318 425 1394 prope
472 1297 755 1370 accedit
786 1326 803 1370 :
841 1298 937 1371 de
967 1323 1126 1398 quo
1148 1297 1245 1369 ad
1272 1313 1690 1371 extremum
1726 1297 1960 1396 hujus
1985 1297 2218 1371 histo-

178 1411 310 1482 riae
345 1410 692 1486 dicturus
726 1439 897 1487 sum
944 1443 960 1484 :
1000 1417 1489 1517 recentiorem
1529 1417 1734 1488 enim
1763 1415 2219 1513 antiquiori·-

174 1525 329 1599 bus
363 1531 919 1629 magistratibus
964 1532 1461 1605 adnumerare
1503 1556 1662 1604 non
1703 1544 2000 1631 oportet
2018 1586 2040 1620 ,
2089 1527 2220 1604 Sed

176 1669 415 1742 quem
451 1661 755 1749 tempus
781 1650 1179 1739 concessit,
1212 1649 1465 1722 locum
1490 1649 1564 1722 ei
1593 1647 1946 1722 tribuere.

284 1763 355 1836 8.
420 1769 787 1866 Exceptus
825 1783 1073 1840 tamen
1102 1781 1255 1857 est,
1294 1776 1710 1866 o‘mnesque
1744 1767 2230 1864 magistratus

176 1883 777 1976 supereminuit
808 1882 1283 1973 consulatus,
1315 1885 1656 1982 potentia
1691 1882 2002 1980 quidem
2038 1905 2224 1981 prae-

179 1991 472 2068 fectura
518 1999 818 2089 minor,
863 2000 1155 2074 honore
1194 2013 1448 2074 autem
1508 1999 1750 2096 major
1787 2025 1804 2069 ε
1843 1997 1971 2069 illa
2011 1999 2222 2068 enim

181 2125 421 2186 totam
458 2114 1004 2215 rempublicam
1052 2117 1280 2214 regit,
1312 2113 1544 2186 domo
1598 2112 1796 2185 nihil
1832 2109 2174 2184 adferens
2199 2165 2225 2202 ,

179 2241 257 2298 et
270 2228 672 2325 publicum
688 2231 1224 2306 administrans
1242 2259 1262 2322 ;
1284 2230 1411 2303 hic
1424 2255 1602 2304 vero
1629 2232 1970 2328 ingentes
1991 2227 2228 2301 domo

178 2367 367 2442 opes
428 2349 629 2426 nivis
669 2351 905 2422 instar
941 2348 1233 2423 civibus
1280 2345 1684 2448 profundit
1707 2400 1728 2436 ,
1775 2360 1852 2420 et
1895 2345 2224 2443 tempori

182 2485 471 2534 nomen
516 2463 833 2564 largitur
852 2520 873 2558 ,
923 2468 1458 2566 pactionesque
1512 2487 1764 2538 errore
1817 2461 2176 2562 prohibet
2199 2489 2224 2533 t

178 2601 267 2648 ac
298 2577 497 2656 bella
532 2581 841 2679 quidem
881 2608 1040 2657 non
1072 2582 1401 2683 amplius
1420 2561 1923 2670 administrat5
1951 2597 2236 2679 parens'

179 2723 361 2771 vero
382 2700 947 2798 quodammodo
966 2717 1077 2776 est
1093 2705 1606 2777 Romanorum
1627 2699 2010 2772 libertatis.
2036 2701 2226 2770 Con-
2318 2789 2324 2796 .
2353 2725 2360 2732 ·

180 2816 461 2888 trarius
500 2818 708 2892 enim
744 2817 1133 2911 tyrannidi
1168 2833 1278 2892 est
1304 2872 1325 2910 ,
1362 2840 1616 2917 neque
1651 2837 1814 2888 eam
1840 2811 2222 2886 dominari

176 2933 472 3030 patitur
510 2961 527 3004 τ
586 2935 841 3035 itaque
894 2933 1125 3008 simul
1178 2949 1408 3034 atque
1456 2938 1735 3006 Brutus
1759 2985 1780 3023 ,
1837 2928 2220 3030 pudicitiae
2275 2961 2284 2970 ·

178 3049 462 3126 vindex
480 3105 499 3140 ,
526 3065 603 3124 et
620 3049 983 3130 libertatis
999 3067 1548 3152 propugnator,
1583 3046 1916 3122 consulis
1928 3044 2224 3118 honore

178 3165 503 3258 effulsit,
530 3154 991 3269 Tarquinius
1016 3183 1389 3261 tyrannus
1416 3166 1725 3238 interiit.
1763 3167 2026 3236 Noster
2040 3185 2222 3233 vero

178 3299 395 3385 pater
418 3286 649 3370 simul
672 3303 751 3360 et
775 3285 1421 3364 mansuetissimus
1444 3283 1854 3380 imperator
1870 3331 1890 3368 ,
1923 3301 2220 3377 rempu-

178 3401 457 3476 blicam
508 3401 983 3476 emendando
1016 3417 1095 3476 et
1130 3403 1327 3474 cives
1375 3394 1734 3472 donando
1765 3391 2036 3468 consul
2064 3405 2176 3466 est
2193 3447 2218 3482 ,

180 3535 273 3592 ut
299 3521 535 3618 magis
562 3545 720 3594 non
752 3522 1025 3619 possit3
1046 3533 1245 3594 veste
1276 3531 1529 3590 autem
1564 3529 1672 3588 est
1691 3569 1713 3606 ,
1739 3535 1914 3587 cum
1949 3533 2222 3583 ornare

180 3635 573 3710 fortunam
600 3635 769 3711 vult
792 3692 813 3728 ,
867 3637 1207 3710 altiorem
1250 3634 1572 3733 imperio
1617 3625 2052 3704 consulatus
2081 3623 2216 3697 ho-

184 3754 363 3826 nori
390 3751 705 3851 gradum
737 3753 1165 3829 decernens.

223 3907 235 3928 ·
280 3895 355 3968 9.
382 3869 539 3944 Soli
554 3885 807 3948 autem
831 3885 1123 3970 sceptro
1139 3926 1161 3963 ,
1182 3883 1271 3943 ut
1286 3890 1515 3967 supra
1535 3863 1828 3938 dietum
1849 3873 1960 3935 est
1977 3915 2000 3952 ‚
2028 3860 2213 3933 olim

184 3989 483 4066 cessisse
533 3987 1047 4088 praefecturam
1076 4041 1099 4080 ,
1154 4009 1413 4090 parem
1472 4005 1650 4062 cum
1705 4001 1802 4074 eo
1846 3977 2220 4054 honorem
