3050 5017
875 430 964 464 ''.st

1317 433 2173 468 mmmm

133 623 381 672 LYDI
456 625 576 674 DE
651 625 1492 682 MAGISTRATIBUS
1550 635 2195 686 REIPUBLJCAB

285 756 748 822 nOJmANAE
831 759 1323 810 opuscuLI
1399 761 2059 822 BRAGAIERTA„

251 998 374 1073 71.
429 975 628 1046 Vicit
661 987 914 1050 tamen
955 993 1126 1077 post
1165 983 1412 1054 Deum
1457 983 1973 1082 imperatoriS‚
2020 1003 2191 1088 quae

139 1095 228 1164 in
271 1089 636 1162 omnibus
669 1093 738 1162 ei
769 1089 1053 1187 adfuit,
1105 1081 1448 1188 fortuna3
1494 1099 1859 1200 brevique
1887 1117 1963 1173 et
2008 1128 2190 1202 prae·

138 1208 472 1280 stantior
488 1207 672 1280 urbs
698 1224 842 1282 et...
871 1210 1244 1313 firmaque
1265 1216 1496 1288 simul
1523 1233 1601 1289 et
1623 1243 1883 1292 secura
1908 1223 2151 1294 extitit
2168 1274 2191 1312 ,

139 1326 370 1423 quasi
421 1350 512 1396 ex
571 1324 882 1399 informi
942 1331 1139 1405 mole
1194 1359 1448 1408 rerum
1512 1334 1787 1436 opifice
1850 1341 2127 1412 iterum
2166 1393 2191 1432 ,

139 1439 800 1539 quemadmodum
820 1444 1002 1518 olim
1019 1465 1333 1536 ‚cuncta
1359 1453 1438 1524 in
1461 1450 1709 1526 lucem
1737 1453 1891 1528 sola
1919 1455 2189 1536 volun-

143 1561 323 1633 tatis
351 1575 712 1660 potestate
741 1581 1156 1644 oevocante.

1014 1771 1325 1824 mun.

249 1957 374 2031 72.
429 1933 633 2004 Finis
661 1933 894 2030 igitur
925 1929 1054 2004 hic
1078 1935 1340 2032 primae
1369 1933 1827 2030 latrocinalis
1858 1937 2191 2035 improbi

141 2046 610 2146 Cappadocis
655 2045 1129 2145 praefecturae.
1199 2053 1454 2122 Parem
1506 2065 1761 2122 autem
1813 2050 2001 2124 deus
2052 2054 2191 2124 im-

146 2165 512 2264 probitati
554 2163 1154 2238 benevolentiam
1197 2163 1748 2244 calamitatibus
1801 2170 2184 2241 concessit.

145 2281 429 2356 Phooes
455 2279 612 2366 ,fuit
659 2282 778 2354 vir
817 2281 1060 2354 nobili
1100 2305 1372 2380 genere
1399 2337 1422 2374 ,
1484 2281 1750 2376 (Salvii
1790 2284 2190 2381 justissimi

147 2421 389 2498 nepos
417 2453 438 2488 ‚
469 2412 544 2470 et
574 2399 858 2471 Crateri
893 2397 1116 2496 longe
1143 2399 1464 2497 piissimi
1505 2399 1798 2494 filius,)
1837 2401 1975 2500 qui
2010 2426 2189 2487 cum

150 2519 404 2616 primo
447 2515 688 2606 inter,
719 2539 912 2613 quos
941 2513 1390 2588 silentiarios
1425 2516 1615 2590 aulae
1663 2533 1975 2610 vocant,
2008 2521 2191 2592 emi-

147 2634 474 2723 nuisset,
497 2631 1022 2728 magnitudine
1045 2633 1284 2704 animi
1308 2648 1385 2706 et
1406 2632 1789 2708 donorum
1823 2636 2191 2708 immensa

153 2753 368 2850 copia
389 2805 412 2840 ,
481 2765 864 2850 quotquot
929 2775 1276 2850 unquam
1339 2749 1552 2824 fuere
1582 2806 1605 2842 ,
1671 2755 1985 2826 vincens
2016 2807 2037 2843 ,
2092 2754 2189 2830 ad

151 2884 400 2968 patres
419 2871 720 2968 imperii
750 2893 892 2966 pro
913 2871 1186 2942 merito
1210 2870 1557 2968 pervenit
1576 2923 1600 2961 ‚
1632 2867 1911 2968 opibus
1932 2867 2190 2968 splen-

153 2986 378 3059 didus
397 3041 418 3076 ,
450 3000 900 3086 egentesque
933 2985 1206 3082 juvans
1226 3039 1247 3076 ,
1283 2983 1430 3058 sibi
1469 2986 1613 3056 uni
1642 2985 2184 3084 parsimoniam

155 3131 452 3180 servans
471 3133 494 3196 ;
528 3108 590 3180 is
607 3108 814 3178 enim
831 3107 1078 3194 victus
1105 3104 1218 3176 illi
1235 3159 1270 3196 ,,
1289 3128 1372 3178 ea
1393 3103 1711 3194 luxuriae
1731 3103 2184 3190 abstinentia

151 3239 308 3300 erat
326 3279 346 3314 ‚
367 3249 598 3323 quam
617 3223 734 3295 vel
753 3224 1178 3322 parcissime
1198 3224 1535 3303 viventes
1552 3220 1777 3295 vilem
1797 3212 2180 3319 putarent.

151 3345 235 3414 Et
255 3342 684 3414 abundanti
707 3341 1018 3442 quidem
1039 3339 1342 3413 fortuna
1361 3339 1667 3438 dignam
1699 3338 1957 3410 amicis
1974 3363 2183 3414 men·

147 3483 304 3532 sam
324 3456 734 3532 adornabat
754 3487 776 3552 ς
811 3461 970 3559 ipse
995 3473 1250 3532 autem
1278 3456 1456 3532 solis
1478 3457 1911 3573 daemonum
1940 3454 2182 3529 oblec-

222 3659 300 3731 6)
344 3651 498 3714 cod.
517 3656 798 3732 μεγαλητι.
1410 3585 1450 3633 ο

223 3749 306 3833 7)
340 3751 506 3831 Lego
527 3752 813 3820 διασὼζων.
1337 3749 1410 3824 8)
1448 3745 1596 3806 cod.
1632 3741 2038 3826 μεμετριμὲνὸις.

221 3852 296 3952 ξ)
335 3849 520 3910 Forte
535 3845 856 3932 legendum
875 3845 1094 3930 διένεμε.
1295 3846 1402 3919 10)
1443 3843 1609 3923 Lego
1630 3844 1893 3921 ἑτρὲφιτο.
