3050 5017
514 481 1093 532 nmvunmcass
1142 481 1556 532 nonnum
1605 485 1766 534 mn.
1820 488 1867 536 1.
2117 461 2212 534 33

168 597 597 668 minarunt.
610 594 843 664 Testis
858 606 967 664 est
988 590 1339 664 Aurelius
1354 594 1944 688 jurisconsultus
1959 651 1978 685 ,
1998 596 2220 692 cujus

175 715 345 810 ipsa
402 709 629 782 verba
656 763 679 800 ‚
738 707 1161 780 secundum
1228 696 1646 783 versionem
1679 768 1702 803 ‚
1767 711 1920 786 haec
1975 728 2158 786 sunt
2197 740 2215 782 ε

176 860 216 896 α
242 830 577 902 Breviter
596 849 1185 900 commemorare
1210 849 1501 900 necesse
1520 843 1655 921 est,
1677 829 1882 903 unde
1906 832 2220 904 initium

180 943 583 1046 praefectus
616 944 965 1043 praetorio
994 941 1364 1014 habuerit.
1388 947 1447 1014 A
1475 947 1830 1042 magistro
1848 947 2226 1044 equitum,

188 1061 531 1162 profecto
552 1089 573 1152 ;
602 1063 681 1136 in
702 1059 909 1133 illius
924 1061 1127 1132 enim
1151 1058 1401 1132 locum
1424 1059 1858 1173 pranectum
1880 1065 2230 1161 praetorio
2289 1081 2296 1090 ·

186 1194 535 1252 creatum
564 1201 719 1251 esse
746 1177 987 1249 aiunt.
1026 1175 1251 1274 Apud
1284 1176 1566 1250 veteres
1589 1178 2048 1277 quibusdam
2077 1203 2234 1252 om·
2312 1175 2318 1180 ’

194 1300 321 1368 nis
366 1319 625 1368 rerum
680 1292 1233 1366 administratio
1278 1293 1375 1366 ad
1426 1309 1729 1393 tempus
1771 1295 2235 1368 credebatur.

192 1421 387 1490 Nam
424 1411 801 1511 eligebant
842 1410 987 1483 sibi
1021 1397 1347 1510 quisque
1400 1413 1844 1509 magistrum
1887 1413 2240 1510 equitum

196 1533 506 1608 socium·
518 1531 733 1630 quasi
757 1529 1055 1628 imperii
1074 1543 1149 1600 et
1168 1527 2238 1626 reipublicaeadministrandae.

198 1657 461 1726 Postea
498 1670 676 1718 vero
716 1669 1011 1718 summa
1050 1669 1303 1717 rerum
1344 1643 1439 1718 ad
1484 1647 1972 1744 imperatores
2009 1661 2242 1718 trans-

200 1769 357 1844 lata
380 1823 403 1862 ,
452 1765 549 1838 ad
584 1764 1165 1838 similitudinem
1198 1764 1534 1862 magistri
1559 1765 1910 1863 equitum
1949 1761 2244 1863 praefec-

206 1901 338 1960 tus
362 1884 713 1984 praetorio
738 1881 1059 1982 prodiit3
1103 1880 1423 1980 dataque
1454 1895 1564 1954 est
1591 1883 1662 1954 ei
1695 1882 1972 1978 major,
2015 1883 2248 1980 quam

210 2007 461 2082 fuerat
513 2001 721 2075 illius
749 2054 773 2092 ,
828 2014 1151 2100 potestas
1174 2055 1199 2089 ,
1259 2025 1435 2072 cum
1493 2001 1577 2070 in
1623 1998 1850 2072 rebus
1887 1997 2248 2070 adminis-

211 2121 509 2198 trandis
526 2173 547 2211 ,
575 2135 743 2192 tum
767 2119 849 2189 in
870 2116 1319 2222 exercitibus
1340 2132 1416 2188 et
1439 2115 1928 2191 instituendis
1955 2128 2030 2185 et
2051 2138 2250 2186 exer-

210 2237 513 2328 cendis,
558 2251 725 2308 tum
761 2234 842 2304 in
871 2233 1085 2305 omni
1110 2229 1507 2329 disciplina
1538 2227 2006 2303 emendanda
2039 2255 2056 2298 ε
2087 2253 2254 2328 quae

216 2356 535 2460 quidem
586 2378 679 2426 eo
729 2371 1113 2451 progressa
1150 2363 1261 2421 est
1283 2401 1305 2439 ‚
1348 2363 1447 2420 ,ut
1492 2348 1783 2418 nemini
1833 2343 2212 2444 adpellare
2232 2397 2256 2433 ,

210 2493 384 2552 aut-
406 2474 730 2549 omnino
782 2472 1125 2544 incusare
1174 2467 1339 2566 ejus
1388 2466 1836 2538 sententiam
1892 2461 2173 2539 liceret.
2221 2493 2259 2530 n

218 2605 387 2673 Haec
420 2591 1035 2694 jurisconsultus.

344 2740 374 2786 1
392 2712 461 2786 5.
506 2711 887 2802 Quoniam
940 2731 1121 2780 vero
1139 2723 1186 2796 ·,
1254 2705 1604 2804 quamvis
1657 2699 1850 2774 forte
1897 2701 2263 2775 vetustior

224 2829 592 2926 omnibus
620 2824 1179 2926 magistratibus
1201 2821 1676 2922 ampliorque
1703 2821 1802 2892 sit
1826 2814 2266 2917 praefectura

224 2949 562 3054 praetorii
584 3001 608 3039 ,
646 2941 743 3020 ac'
766 2968 1061 3018 necesse
1087 2939 1319 3016 simul
1350 2961 1974 3037 congruumque,
2013 2948 2262 3008 totum

229 3072 399 3170 ejus
432 3064 775 3142 officium
810 3077 1403 3164 potestatemque
1430 3055 1851 3130 enarrando
1877 3051 2262 3153 persequi:

232 3211 504 3264 verum
538 3199 837 3272 tamen,
886 3159 1251 3280 quoniam
1296 3203 1455 3250 non
1490 3177 1760 3262 initio,
1808 3171 1937 3244 sed
1981 3171 2076 3242 ab
2119 3174 2264 3242 Au-

232 3319 460 3406 gusto
483 3327 629 3402 pro
652 3299 1008 3398 magistro
1034 3271 1385 3392 equitum
1406 3343 1429 3380 ‚
1464 3305 1556 3362 ut
1577 3287 1774 3376 dixi,
1807 3300 2098 3358 creatus
2123 3298 2266 3358 est:

234 3422 414 3496 satis
444 3420 591 3490 erit
618 3416 775 3488 huc
800 3437 1043 3512 usque
1079 3411 1173 3482 de
1202 3409 1650 3507 antiquitate
1671 3417 1748 3476 et
1780 3399 2273 3486 incunabulis
2365 3403 2368 3408 ’

232 3533 695 3640 praefecturae
724 3531 996 3604 dixisse
1026 3585 1049 3620 ‚
1096 3553 1183 3602 ac
1228 3524 1503 3600 deinde
1529 3579 1550 3614 ‚
1617 3522 1977 3594 enarratis
2029 3533 2273 3592 vetus-

232 3649 569 3726 tioribus
595 3645 1151 3746 magistratibus
1177 3701 1199 3738 ‚
1249 3648 1331 3716 in
1374 3641 1748 3742 prooemio
1774 3637 2090 3734 Augusti
2137 3637 2272 3708 im-

234 3772 473 3873 perii,
498 3793 591 3842 ex
611 3790 791 3865 qun,
814 3749 903 3838 ut
924 3765 1107 3854 dixi,
1134 3763 1441 3858 initium
1470 3759 1946 3856 magistratus
1965 3775 2278 3851 quoque
2360 3779 2366 3786 ·

238 3887 557 3974 habuit,
610 3883 866 3956 omnia
900 3881 1297 3980 deinceps,
1350 3889 1884 3977 quantumque
1910 3867 2274 3968 paulatim

242 4004 709 4078 imminutus
770 4001 913 4091 sit,
970 3997 1357 4098 explicare.
1417 3989 1707 4068 Deinde
1756 3973 2011 4062 a’utem
2060 3999 2135 4059 et
2186 3983 2282 4056 de

1936 4099 1982 4174 5
