3050 5017
499 483 1528 551 ampunmcm'nouauu
1577 498 1735 551 mn.
1787 500 1837 571 ι.Δ
2088 472 2182 575 59

140 608 571 684 versionem
588 666 610 701 ,
628 612 978 712 explicat:
998 642 1031 677 α
1046 615 1313 711 Magna
1332 624 1586 685 autem
1613 610 2182 711 perturbatione

138 720 409 823 legum
428 780 449 817 ,
492 730 783 828 quippe
813 754 979 829 quae
1023 730 1311 831 scriptae
1338 753 1497 801 non
1529 744 1806 819 essent,
1853 731 1934 807 in
1963 752 2184 826 repu-

140 838 347 913 blica
382 867 423 914 e
456 844 825 917 disco‘rdia
866 847 1439 945 magistratuum
1462 844 1860 947 plebisque
1889 860 2140 917 coorta
2158 894 2182 932 ,
2239 866 2245 871 ·

141 962 555 1037 communi
565 978 868 1037 senatus
889 963 1313 1063 populique
1334 962 1725 1038 voluntate
1751 986 2012 1035 omnes
2035 986 2186 1035 ma·

142 1077 507 1174 gistratus
532 1079 851 1171 sublati,
896 1106 983 1153 ac
1004 1080 1260 1170 decem
1290 1096 1586 1153 tantum
1615 1081 1794 1153 viris
1815 1104 1994 1157 cura
2021 1080 2193 1152 civi-

150 1192 333 1269 tatis
354 1194 706 1272 mandata
732 1212 862 1270 est.
882 1198 1015 1289 Hi,
1042 1212 1225 1270 teste
1250 1196 1557 1271 historia
1573 1252 1595 1289 ‚
1619 1194 2188 1279 Athenasmise-

148 1326 348 1383 runt
388 1314 753 1411 Spurium
809 1310 1327 1405 Postumium,
1380 1315 1661 1395 Aulum
1709 1316 2075 1388 Marcium
2117 1322 2196 1384 et

148 1426 513 1503 Publium
541 1428 969 1530 Sulpicium
1003 1458 1021 1503 ε
1066 1432 1416 1533 quidum
1452 1432 1560 1505 ibi
1601 1457 1738 1532 per
1767 1408 2190 1504 triennium

155 1562 739 1621 commorantur
760 1602 781 1639 ,
856 1546 1099 1621 donec
1136 1548 1465 1648 reliquas
1510 1552 1736 1625 etiam
1779 1549 2194 1623 Athenien-

152 1662 363 1755 sium
396 1660 591 1759 leges
631 1662 889 1737 decem
932 1662 1235 1738 Tabulis
1275 1661 1778 1764 collegissent3
1821 1662 2034 1763 plebs
2065 1661 2194 1733 de·

152 1802 325 1851 cem
353 1780 553 1851 viros
580 1779 1010 1885 reipublicae
1044 1778 1495 1881 praefuturos
1520 1784 1796 1861 creavit
1814 1835 1835 1871 ,
1855 1802 2190 1885 quorum

151 1897 459 1995 primus
493 1912 741 1970 custos
774 1897 987 1971 urbis
1018 1898 1282 1974 dictus.
1300 1908 1463 1989 est(
1498 1913 1728 1999 quem
1771 1924 1984 1975 nunc
2009 1922 2192 1997 prae-

152 2012 441 2086 fectum
479 2014 693 2087 urbis
719 2038 1073 2088 vocamus
1112 2014 1163 2112 ).
1218 2018 1552 2115 Insignia
1583 2032 1844 2095 autem
1878 2031 2197 2115 potesta-

156 2135 257 2207 tis
294 2133 407 2210 illi
442 2150 657 2209 erant
682 2132 1083 2209 duodecim
1106 2134 1331 2208 fasces
1354 2160 1377 2221 ς
1402 2152 1479 2209 at
1498 2138 1762 2211 ceteris
1789 2162 1946 2207 non
1972 2137 2151 2211 item
2169 2180 2193 2223 ‚

159 2249 293 2322 sed
320 2248 644 2350 sing-ulis
669 2274 873 2327 unus
898 2266 1193 2329 tantum
1222 2266 1574 2327 armatus.
1605 2250 1948 2325 Praefecto
1985 2248 2198 2323 urbis

158 2392 343 2439 vero
377 2366 669 2441 cohors.
690 2422 707 2437 .
728 2420 746 2438 .
781 2392 1090 2467 quoque
1126 2383 1203 2441 et
1240 2367 1536 2441 lictores
1581 2383 1659 2440 et
1705 2365 2009 2441 vincula
2037 2420 2060 2458 ,
2123 2376 2200 2439 et
2235 2381 2241 2389 '

162 2508 335 2583 quae
356 2482 499 2555 alia
521 2485 799 2559 scimus
816 2538 835 2574 ‚
857 2484 1742 2562 aderant..Sustentabant
1761 2500 2014 2557 autem
2037 2504 2199 2571 eos,

162 2601 307 2699 qui
341 2596 617 2673 divites
634 2602 1129 2701 possessiones
1152 2600 1562 2693 habebant3
1596 2600 1802 2675 unde
1824 2599 2052 2699 glebae
2077 2624 2203 2673 no-
2314 2624 2328 2633 ·

165 2742 349 2791 men
395 2714 902 2819 adceperunt·;
952 2716 1135 2819 q'uia
1166 2719 1459 2819 glebam
1506 2722 1827 2793 Romani
1863 2740 2151 2817 aequam
2178 2768 2201 2807 ,

166 2836 248 2917 id
278 2849 427 2926 est,
463 2834 783 2911 fertilem
822 2851 1095 2914 terram
1124 2832 1413 2911 dicunt.
1456 2839 1642 2909 Nam
1675 2860 1994 2935 ope-rum
2027 2834 2218 2905 εστὶ-ι
2267 2853 2272 2863 ·

169 2956 395 3033 nium
419 3007 440 3044 ‚
470 2979 647 3027 cum
670 2956 895 3028 initio
929 2980 1087 3029 non
1112 2952 1409 3046 fuisset,
1431 2957 1814 3053 Augustus
1835 2952 2206 3050 magistra·

168 3073 289 3147 tui
327 3070 617 3145 addidit
642 3127 665 3164 ,
722 3072 1103 3145 basilicam
1131 3076 1381 3144 Romae
1421 3071 1752 3143 condens
1775 3062 1816 3161 ‚⁸
1867 3086 1956 3141 ut
1979 3074 2203 3140 Tran-

168 3184 503 3287 quillus,
534 3188 1001 3288 philologuS,
1036 3186 1281 3259 refert.
1318 3189 1708 3258 Memorati
1755 3199 2006 3258 autem
2055 3208 2206 3255 ma·

167 3306 528 3404 gistratus
593 3332 770 3379 cum
838 3304 935 3377 ad
996 3304 1497 3401 arrogantiam
1565 3302 1900 3399 provecti
1957 3314 2208 3398 tyran·-

172 3446 457 3497 norum
485 3446 693 3495 more
718 3420 1061 3522 agerent,
1106 3422 1363 3492 territa
1385 3418 1600 3519 plebs
1620 3470 1641 3508 ,
1690 3415 1944 3489 relicta
1980 3408 2208 3509 u'rbe,

166 3544 371 3617 circa
407 3538 709 3632 collem,
732 3564 962 3639 quem
995 3540 1459 3617 Aventinum
1480 3549 1754 3613 vocant
1766 3533 2201 3627 ,conse-dit:
2329 3526 2338 3535 ’

169 3657 313 3758 qui
347 3654 561 3733 locus
590 3654 1277 3732 abneraclidarum
1304 3656 1564 3753 aliquo
1581 3708 1602 3743 ‚
1632 3668 1720 3725 ut
1740 3668 1988 3725 narrat
2010 3667 2212 3725 vates

168 3777 562 3848 Romanus
579 3827 601 3864 ,
623 3798 909 3845 nomen
931 3762 1244 3859 invenit.
1256 3776 1349 3845 Et
1365 3784 1822 3844 commorata
1841 3769 1950 3841 ibi
1976 3768 2212 3867 plebs»,

172 3892 473 3969 infensa
500 3916 679 3963 cum
715 3890 815 3965 ob
846 3890 1178 3990 plurima
1210 3890 1359 3963 alia'
1383 3944 1406 3981 ,
1438 3870 1604 3963 t'um
1633 3889 2008 3993 praecipue
2035 3888 2212 3958 Vir·-

170 4044 299 4113 baec
317 4040 551 4109 dixisse.
572 4045 820 4127 putabat
838 4044 1051 4126 Lydus
1067 4088 1083 4121 ,
1110 4052 1207 4107 est.
1224 4044 1292 4109 in
1319 4040 1460 4110 ΕΜ.
1478 4060 1575 4106 ‘vn
1585 4084 1614 4119 ι
1627 4060 1692 4103 v.
1717 4038 1866 4122 657,
1879 4050 1946 4105 et.
1961 4058 2129 4123 seqq.
