3050 5017
554 495 1105 548 tenuanda
1152 496 1553 548 nonunt
1601 499 1758 553 mn.
1806 503 1858 552 1.
2118 482 2215 556 23

172 619 529 715 mentum
546 608 965 706 puniceum
984 607 1139 698 (cui
1161 630 1445 680 nomen
1463 606 2183 704 cothurnus),secun

173 717 375 802 dum'
384 729 901 804 Cocceianum.
930 731 1257 823 Eratque
1283 723 1439 800 haec
1466 741 1634 826 toga
1653 731 1858 826 pacis
1882 745 2222 829 temporo

172 865 589 916 commune
614 858 689 916 et
716 843 873 940 regi
892 843 1037 942 ipsi
1057 857 1133 916 et
1148 840 1443 916 civibus
1469 843 2050 938 indumentum3
2075 862 2220 922 tm·

170 957 313 1033 bea
327 985 509 1037 vero
524 960 757 1037 solius
776 961 971 1058 regis
988 974 1341 1059 paratura
1354 1013 1376 1049 ,
1408 959 1487 1034 id
1506 975 1616 1036 est
1629 964 1852 1036 vestis
1879 965 2218 1064 insignis.

172 1080 351 1150 Erat
376 1092 629 1153 autem
660 1075 998 1168 chlamys
1017 1129 1042 1166 ‚
1082 1077 1237 1152 sive
1274 1075 1594 1176 pallium
1619 1079 2172 1154 semicirculare
2196 1133 2222 1169 ‚

175 1191 393 1292 quod
416 1195 757 1291 primum
779 1191 1261 1291 Agathoclem
1280 1245 1303 1284 ‚
1332 1192 1596 1268 siciliae
1619 1208 2030 1292 tyrannum
2053 1251 2076 1287 ,
2107 1199 2222 1272 in·

177 1309 469 1382 venisse
496 1307 779 1387 ferunt.
796 1309 1193 1386 Thronum
1216 1325 1471 1384 autem
1498 1310 1775 1386 solium
1807 1315 2053 1410 patrio
2076 1337 2228 1386 ser-

176 1449 411 1499 mone
429 1451 571 1524 pro
594 1424 894 1500 sellium
918 1451 1056 1525 per
1077 1427 1572 1502 antistichum
1593 1427 1984 1519 vocabant,
2009 1443 2098 1502 ut
2118 1429 2228 1502 ait

170 1545 435 1640 Asper,
464 1545 885 1632 Romanus;
910 1544 1065 1618 sive
1088 1545 1315 1623 etiam
1340 1567 1554 1618 secus
1579 1543 1860 1618 salium
1884 1569 2026 1644 pro
2053 1543 2228 1616 soli-

178 1655 373 1732 dum
410 1657 543 1750 (id
576 1673 729 1749 est,
762 1657 1193 1758 integrum)
1232 1659 1506 1738 dixere.
1543 1665 1891 1735 Crassum
1935 1662 2228 1760 quippe

176 1789 545 1850 truncum
577 1779 661 1850 in
692 1778 889 1850 cistae
921 1791 997 1856 et
1024 1776 1217 1853 sellae
1244 1774 1568 1854 formam
1597 1791 2028 1852 excavantes
2054 1801 2226 1876 sug·

180 1907 475 1991 gestum
513 1892 899 1992 quendam
926 1895 1083 1991 regi
1108 1891 1513 1983 faciebant,
1544 1895 1623 1967 in
1651 1919 1847 1992 quo,
1874 1892 2112 1968 veluti
2143 1895 2230 1968 in

179 2033 353 2082 arca
374 2063 397 2100 ,
440 2023 701 2082 tutum
736 2033 1015 2109 corpus
1056 2012 1251 2108 regis
1276 2063 1301 2099 ,
1350 2009 1562 2086 nulla
1602 2027 1736 2085 aut
1773 2035 1818 2082 a
1853 2025 2060 2110 tergo
2095 2025 2234 2088 aut

180 2151 225 2198 a
264 2127 477 2202 binis
526 2127 889 2211 lateribus
928 2151 1285 2226 compage
1329 2126 1678 2202 additove
1721 2126 1932 2225 ligno
1973 2127 2228 2204 sedem

178 2244 567 2318 vinciente
591 2245 958 2342 integram
1000 2267 1315 2342 prorsus
1338 2257 1566 2341 atque
1587 2267 1678 2316 ex
1699 2267 1862 2316 uno
1881 2255 2230 2318 constan-

186 2376 365 2436 tem.
408 2363 605 2436 Hinc
644 2361 919 2434 solium
956 2363 1151 2460 regis
1180 2359 1552 2434 thronum
1587 2357 2091 2460 adpellarunt.

288 2478 361 2552 8.
412 2477 525 2550 Ad
553 2477 707 2550 haec
733 2475 1059 2551 Romulo
1087 2475 1678 2576 praeferebantur
1705 2499 2000 2550 secures
2041 2473 2232 2552 duo·
2351 2470 2358 2476 ’

185 2583 433 2671 decim
453 2651 475 2686 ,
508 2620 651 2694 pro
674 2619 999 2668 numero
1014 2593 1413 2667 vulturum
1438 2647 1461 2686 ,
1486 2619 1681 2692 quos
1701 2594 1990 2668 viderat
2015 2591 2234 2666 urbis

188 2711 687 2786 fundamenta
723 2710 965 2808 locare
1002 2711 1397 2808 incipiens.
1430 2709 1749 2782 Thuscis
1785 2733 1962 2782 vero
1999 2723 2074 2782 et
2107 2713 2230 2782 Sa·

188 2827 397 2904 binis
432 2852 479 2900 a
524 2829 772 2900 Prisco
823 2827 1239 2925 Tarquinio
1308 2849 1479 2924 rege
1524 2840 1782 2924 postea
1837 2823 2038 2899 bello
2103 2823 2230 2896 de·

186 2947 403 3020 victis
425 3000 446 3037 ‚
515 2945 783 3018 additae
828 2958 1013 3019 sunt
1070 2946 1287 3042 regiae
1349 2945 1738 3043 potestatis
1797 2939 2232 3041 insignibus

189 3061 461 3135 laneeae
483 3061 859 3160 longiores
878 3116 899 3152 ,
935 3086 1259 3134 numero
1288 3063 1571 3159 pariter
1597 3059 1996 3137 duodecim
2025 3115 2048 3151 ‚
2081 3062 2230 3159 spi·

192 3177 387 3252 culis
430 3193 761 3258 carentes
784 3231 807 3270 ‚
864 3191 941 3251 et
975 3178 1363 3274 promissis
1391 3175 1602 3272 jubis
1645 3191 1922 3250 ornatae
1953 3229 1976 3266 ,
2043 3198 2234 3274 quas

194 3297 517 3368 Romani
536 3294 757 3392 jubas
776 3348 797 3382 ‚
832 3293 1133 3371 barbari
1156 3306 1411 3366 autem
1428 3343 1455 3382 ,
1490 3290 1854 3366 nonnihil
1877 3305 2238 3390 cormpta

192 3433 375 3484 voce
400 3465 423 3502 ‚
458 3409 655 3488 tufas
681 3427 971 3486 vocent.
1012 3409 1297 3516 Vexilln
1326 3424 1678 3512 praeterea
1697 3461 1722 3501 ,
1771 3407 1850 3482 id
1876 3422 1988 3484 est
2007 3463 2028 3500 ,
2073 3408 2232 3482 lan·

194 3551 339 3608 oeae
394 3527 635 3627 longae
665 3581 687 3618 ,
760 3527 1367 3628 dependentibus
1422 3527 1700 3628 pannis
1761 3553 1780 3598 z
1845 3523 2238 3603 flammula

275 3665 351 3738 α)
392 3663 543 3726 Cod-
586 3667 849 3743 φαινόλης
886 3663 963 3742 3)
1002 3666 1333 3731 Reoentior
1368 3683 1588 3728 manus
1627 3661 1976 3726 emandavit
1997 3686 2232 3724 nomo».

194 3757 276 3819 In
296 3760 495 3822 lexico
534 3761 735 3822 suida
769 3763 1003 3842 reperi.
1038 3771 1167 3824 Δίων
1186 3771 1421 3840 maog,
1454 3767 1483 3822 ὃ
1524 3763 1734 3826 ἐπίκλην
1767 3767 2010 3830 Κοκὴῑος.
2052 3757 2236 3820 Conf-

197 3877 335 3936 quae
356 3861 481 3920 Dio
504 3857 660 3919 Cass·
684 3860 759 3920 de
776 3862 989 3922 calceis
1010 3860 1255 3924 Casu-is
1277 3861 1480 3924 refert.
2309 3867 2314 3872 ’

278 3956 341 4028 4)
380 3961 589 4036 βήματι
614 3959 861 4036 flamma
887 3961 1053 4044 Lego
1079 3964 1229 4043 βῆμα
1250 3973 1315 4041 τῇ
1343 3963 1608 4042 pam-21:62.

285 4053 355 4132 5)
390 4053 541 4116 Cod.
569 4059 789 4132 ἠΊοντο.
