3050 5017
470 436 1049 514 nfiiruhncn:
1098 437 1515 508 nonunt
1565 439 1721 509 tui.
1772 463 1822 512 r.
2070 427 2174 542 89

122 566 300 646 lum
330 567 428 645 ab
460 573 775 645 incursu
798 584 874 642 et
902 566 1363 643 clandestina
1390 567 1818 668 irruptione
1833 553 2172 645 hostium

120 715 209 762 ac
228 689 815 764 domesticarum
843 683 1262 784 factionum
1288 683 1486 758 malo
1510 685 1970 761 incolumem
1995 691 2172 764 civis·

118 807 357 880 tatem
406 817 759 906 pra-stant
782 858 803 893 ,
846 803 1113 876 verum
1167 797 1393 875 etiam
1458 803 1814 877 incendio
1855 804 2177 880 adflictis

128 931 617 998 {mecm-runt.
637 923 872 994 Testis
888 935 999 994 est
1016 918 1290 992 Paulus
1306 920 1894 1016 jurisconsultus
1908 977 1930 1012 ,
1957 925 2180 1020 cujus

131 1044 305 1142 ipsa
322 1039 549 1114 verba
576 1035 1001 1112 secundum
1031 1037 1453 1110 versionem
1477 1036 1632 1109 haee
1655 1053 1839 1111 sunt
1867 1067 1884 1110 ε
1917 1070 1952 1106 α
1971 1028 2182 1140 apud

126 1161 579 1232 vetustiores
598 1153 973 1228 incendiis
993 1153 1336 1229 arcendis
1363 1155 1748 1228 triumviri
1771 1170 2175 1256 praeerant,

124 1277 273 1376 qui
304 1273 401 1348 ab
432 1293 561 1366 eo,
594 1271 805 1373 quod
834 1270 1183 1344 excubias
1207 1272 1530 1372 agebant
1547 1327 1572 1365 ,
1601 1277 1962 1347 nocturni
1991 1275 2183 1348 dicti

131 1407 349 1466 sunt.
406 1386 1020 1463 Interveniebant
1077 1413 1642 1489 nonnunquam
1692 1404 1768 1462 et
1805 1389 2054 1463 aediles
2102 1404 2184 1463 et

140 1506 447 1582 tribuni
472 1505 735 1607 plebis.
769 1508 941 1579 Erat
966 1520 1220 1579 autem
1258 1504 1658 1605 collegium
1703 1507 1897 1578 circa
1925 1521 2184 1607 portas

128 1641 207 1698 et
235 1647 500 1697 muros
522 1622 971 1722 dispositum
992 1677 1013 1713 ,
1046 1621 1288 1712 uude,
1316 1623 1379 1694 si
1404 1625 1601 1721 op'us
1625 1635 1812 1696 esset
1831 1677 1854 1713 ‚
1880 1621 2181 1696 vocabas

130 1739 284 1816 tur.
314 1771 355 1808 n
384 1744 493 1812 Ita
514 1739 821 1812 Paulus:
846 1761 1077 1839 quem
1100 1765 1365 1813 verum
1386 1739 1656 1822 dixisse
1673 1795 1694 1831 ‚
1729 1756 2182 1840 argumento·
2269 1779 2274 1784 ·

134 1871 288 1949 θεῖς
340 1853 551 1956 quod
576 1856 995 1928 etiamnum
1016 1912 1041 1948 ,
1088 1854 1225 1929 ubi
1259 1856 1403 1932 tale
1436 1856 1626 1956 quid
1656 1859 1738 1929 in
1772 1856 1962 1929 urbe
1993 1845 2180 1930 acci:-

133 1973 251 2048 dit
275 2028 300 2064 ‚
356 1975 495 2074 qui
551 1997 641 2045 ex
697 1972 849 2045 illis
902 1969 1333 2073 opportune
1384 1971 1576 2046 forte
1624 1975 2128 2050 inveniuntur
2156 2031 2182 2067 ,
2269 2015 2274 2020 ·

127 2092 384 2190 patrio
415 2093 930 2163 Romanorum
960 2103 1307 2165 sermone
1339 2089 1709 2162 clamant:
1742 2112 2006 2168 omnes
2029 2089 2180 2166 201²

130 2207 393 2307 legiati
422 2202 441 2277 l
473 2205 561 2278 id·
580 2220 691 2279 est
712 2261 733 2296 ,
762 2221 1043 2279 -omnes
1070 2205 1333 2305 collegi
1372 2204 1663 2280 adeste!

235 2323 359 2400 51.
414 2321 571 2396 Sub
600 2322 805 2396 hisce
834 2321 1389 2422 magistratibus
1422 2343 1717 2396 annum
1747 2325 2176 2424 septingen-

126 2443 493 2520 tesimum
530 2453 821 2512 sextum
860 2439 1043 2512 urbs
1082 2438 1441 2538 implevit.
1504 2443 1738 2512 Caesar
1769 2455 2024 2512 autem
2063 2466 2178 2516 re-

124 2583 309 2634 rum
348 2561 645 2659 potitus
669 2613 691 2648 ,
754 2556 1115 2630 omnibus
1158 2555 1530 2655 abrogatis
1572 2556 2172 2655 magistratibus,

130 2680 569 2753 universam
590 2673 1140 2774 rempublicam
1166 2675 1486 2774 imperio
1502 2671 1708 2746 solus
1724 2675 1945 2746 rexit:
1962 2674 2174 2774 quod

130 2820 317 2872 eum
344 2794 767 2868 triennium
797 2793 1157 2864 tenuisset
1175 2844 1196 2881 ,
1230 2791 1494 2888 ipsein
1527 2791 1735 2862 curia
1764 2799 1991 2863 caesus
2013 2806 2170 2883 θεῖς

126 2917 373 2988 Caesar
410 2935 591 2984 vero
624 2907 899 2984 deinde
944 2906 1183 2981 factus
1226 2905 1650 2980 adolescens
1685 2909 1958 2980 sororis
2005 2908 2069 3004 ej
2079 2931 2172 2982 us

122 3027 343 3104 filius
365 3083 387 3120 ,
440 3041 611 3128 post
636 3049 867 3126 quem
884 3025 1308 3125 ‘imperium
1338 3023 1433 3097 ad
1461 3029 1774 3099 Caesares
1797 3028 2164 3127 pervenit.

200 3224 281 3298 3)
318 3199 470 3282 cod.
505 3219 702 3282 omnin
734 3197 1075 3280 nomnium.

201 3319 281 3395 4)
322 3319 492 3400 Lego
532 3321 647 3379 ὅταῖ
628 3343 753 3400 φοι.
779 3315 1095 3390 conf-111,
1129 3311 1249 3391 30,
1290 3313 1532 3396 c‘roet'pov.

206 3417 281 3492 5)
322 3417 489 3496 Lego
522 3419 927 3497 προαχθέντων.

202 3507 253 3572 6
262 3514 287 3588 )
321 3511 567 3574 Scilicet
592 3509 851 3598 Augusti
871 3517 1065 3575 mater
1084 3503 1283 3592 Lydo
1284 3516 1375 3572 eet
1388 3527 1563 3571 soror
1586 3505 1850 3572 Cauniis.
1877 3505 2060 3580 Conss.
2079 3527 2160 3588 11,

120 3609 197 3689 3,
226 3611 476 3691 «mm.
