3050 5017
413 492 979 553 murusmcn:
1028 494 1437 553 nomina
1486 490 1637 552 Lm.
1693 503 1782 553 11.
2003 475 2138 571 143

96 608 435 708 publicae
457 610 847 703 festinans,
862 636 1321 710 omnemque
1334 614 1632 713 antiqui
1647 628 1878 687 status
1900 614 2144 713 splen·

98 729 370 800 dorem
402 754 788 820 revocanS,
824 731 1162 829 primum
1198 729 1548 828 quidem,
1581 756 1810 829 quem
1847 728 2142 831 praefec-

100 860 280 917 tum
325 846 641 938 Scythiae
680 861 983 937 vocant,
1030 848 1487 945 excogitavit.
1524 852 1711 921 Nam
1747 874 1922 921 cum
1957 864 2144 923 esset

98 964 449 1061 sapiens,
498 979 573 1037 et
614 966 891 1063 scripta
936 963 1243 1037 volvens
1294 966 1682 1064 reperisset
1701 1020 1724 1055 ,
1759 966 2144 1065 regionem

98 1106 289 1155 cum
351 1082 627 1181 opibus
687 1081 1145 1155 fortunatam
1198 1096 1362 1153 tum
1429 1084 1658 1154 armis
1699 1081 2020 1155 validam
2069 1094 2148 1155 et

104 1223 327 1269 nunc
376 1224 573 1286 esse,
629 1215 705 1272 et
740 1198 923 1271 olim
978 1197 1240 1288 fuisse3
1290 1210 1580 1297 (quam
1621 1225 1800 1273 cum
1849 1198 2152 1300 primus

102 1338 289 1385 cum
329 1314 694 1386 Decebalo
722 1368 743 1404 ,
779 1318 1135 1387 Getarum
1166 1339 1348 1415 rege
1370 1370 1389 1406 ,
1418 1338 1766 1395 summus
1793 1317 2148 1414 princeps

104 1431 477 1525 Trajanus
500 1432 793 1503 vicisset
813 1486 834 1521 ,
884 1432 1385 1531 quinquagies
1409 1447 1725 1505 centena
1755 1432 1992 1504 millia
2018 1456 2147 1505 au·

106 1548 213 1635 ri,
264 1570 351 1618 ac
384 1544 767 1646 duplicem
792 1549 1081 1645 argenti
1113 1547 1476 1621 librarum
1504 1573 1949 1640 numerum,
1971 1572 2152 1647 prae·
2229 1530 2236 1537 ’

108 1676 223 1734 ter
260 1663 537 1761 pocula
576 1681 650 1738 et
685 1690 853 1737 vasa
888 1666 1157 1762 quovis
1208 1667 1454 1763 pretio
1494 1644 1774 1764 majora
1797 1720 1818 1757 ,
1869 1648 2150 1765 greges·

109 1807 265 1880 que
301 1796 377 1853 et
410 1806 613 1854 arma
636 1837 657 1872 ,
709 1784 1049 1856 virorum
1103 1797 1356 1856 autem
1409 1782 2150 1857 bellicosissimorum

107 1897 289 1997 plus
344 1899 757 1997 quinquies
806 1914 1120 1972 centena
1180 1899 1419 1971 millia
1474 1926 1630 1972 una
1666 1925 1841 1973 cum
1881 1900 2152 1988 armiS,

104 2016 469 2088 Romanis
486 2015 835 2105 abduxit,
859 2015 1505 2114 quemadmodum
1529 2019 1766 2107 Crito,
1789 2018 1928 2115 qui
1953 2012 2156 2088 bello

110 2130 559 2205 interfuerat
577 2187 597 2221 ‚
626 2130 1099 2227 adfirmavit)
1138 2133 1295 2230 ipse
1317 2185 1337 2219 ,
1376 2130 1588 2204 nulla
1617 2133 1699 2202 in
1731 2156 1810 2203 re
1833 2133 2156 2228 Trajano

108 2248 419 2337 cedens,
442 2228 1049 2348 Septentrionem
1067 2301 1088 2338 ,
1111 2249 1248 2345 qui
1262 2247 1415 2344 jam
1446 2245 1859 2347 aliquando
1877 2244 2156 2345 jugu‘m

109 2367 519 2463 abjecerat,
550 2369 908 2440 Romanis
949 2391 1235 2439 servare
1268 2366 1680 2438 constituit.
1718 2369 1866 2438 Nec
1897 2365 2159 2436 mirari

111 2482 331 2573 licet,
377 2485 448 2555 ei
492 2485 747 2555 omnia
776 2508 819 2554 e
850 2497 1027 2556 voto
1062 2483 1359 2554 cessisse
1390 2513 1405 2550 ε
1440 2500 1690 2581 neque
1742 2482 1948 2553 enim
1985 2485 2156 2553 Tra·

104 2600 383 2697 janum
418 2614 715 2672 tantum
743 2600 971 2671 armis
995 2598 1389 2671 aemulatus
1414 2612 1557 2687 est,
1597 2621 1862 2669 verum
1902 2598 2158 2695 ipsum

110 2724 539 2818 Augustum
573 2720 849 2817 pietate
886 2718 967 2788 in
1004 2716 1234 2789 deum
1274 2740 1734 2813 morumque
1759 2714 2158 2806 modestia,

112 2851 189 2907 et
222 2838 483 2908 Titum
520 2836 985 2934 integritate,
1022 2850 1098 2908 et
1135 2838 1471 2907 Marcum
1507 2823 1910 2930 prudentia
1937 2850 2156 2932 supe-

110 2957 329 3029 ravit.

214 3098 339 3169 29.
387 3072 662 3169 Igitur,
692 3082 782 3141 ut
816 3068 1045 3141 modo
1085 3068 1287 3159 dixi,
1328 3064 1762 3166 praefectum
1790 3120 1812 3156 ‚
1865 3064 2158 3158 Scythi-

112 3216 381 3267 mrum
451 3190 843 3288 copiarum
910 3188 1453 3261 moderatorem
1492 3240 1513 3275 ,
1579 3200 1778 3258 creat
1799 3240 1820 3275 ,
1885 3185 2160 3257 additis

112 3310 369 3383 tribus
404 3310 753 3381 omnium
804 3304 957 3379 fere
1010 3304 1398 3377 ditissimis
1439 3302 1851 3401 provinciis
1878 3355 1899 3390 ,
1950 3306 2159 3373 Cera-

114 3428 339 3518 stide‚
364 3428 561 3526 (quae
580 3451 793 3498 nunc
816 3439 1109 3497 mutato
1140 3423 1449 3499 nomine
1466 3444 1509 3493 a
1533 3418 1878 3519 Cypride,
1897 3444 2159 3492 secun-

112 3546 309 3617 dum
334 3541 665 3615 fabulam
700 3544 780 3614 in
808 3566 891 3615 ea
922 3541 1158 3631 culta,
1186 3545 1479 3639 Cyprus
1503 3551 1816 3610 vocatur
1833 3534 1900 3632 ,)
1928 3536 2164 3609 Caria·

116 3688 275 3764 que
337 3674 491 3733 tota
542 3684 719 3731 cum
776 3660 1013 3732 Ioniis
1058 3658 1327 3731 insulis
1375 3686 1390 3728 ε
1438 3680 1665 3756 quas,
1715 3678 1890 3726 cum
1943 3667 2163 3725 antea

117 3781 269 3853 sub
308 3802 612 3851 summo
655 3780 1227 3879 magistratuum
1262 3831 1281 3867 ,
1325 3779 1522 3849 sicut
1559 3788 1813 3845 ceterae
1853 3795 2116 3843 omnes
2139 3826 2160 3861 ,

120 3897 446 3970 fuissent
472 3950 493 3987 ,
526 3895 622 3967 ab
650 3921 738 3968 eo
774 3896 1147 3992 sejunctas
1192 3896 1600 3991 imperator
1632 3888 1948 3980 Scythiae
1982 3914 2164 3987 prae-

121 4015 411 4093 fectum
446 4028 699 4089 tenere
738 4012 1023 4105 voluit3
1048 4012 1602 4113 propriumque
1629 4006 1962 4085 reditum
1999 4028 2165 4081 con·
