3050 5017
1948 430 2227 529 lxxxv
2261 414 2268 419 ¹
2333 540 2340 547 ι

306 638 569 727 Notis
639 640 748 729 ad
808 656 1153 731 textum
1229 643 1879 733 emendandum
1953 644 2224 728 inter·-

198 801 615 913 pretandu
627 834 889 919 mque
942 804 1529 920 spectantibus
1566 802 1769 893 alias
1797 868 1826 908 ,
1905 800 2228 917 quibus

196 988 335 1042 res
392 958 1029 1049 illustrarentur
1051 1026 1080 1067 ,
1162 940 1481 1050 addere
1539 960 2148 1047 constitueram
2191 980 2223 1067 3

196 1119 349 1206 sed
402 1152 615 1209 mox
667 1124 1246 1211 animadverti
1314 1124 1585 1240 magis
1646 1154 1695 1209 a
1752 1152 1894 1208 me
1958 1148 2224 1236 quam

193 1311 358 1395 pro
415 1284 593 1369 otio
655 1312 857 1405 meo
922 1317 1141 1400 opus
1200 1299 1700 1400 susceptum
1771 1316 1791 1367 ι
1871 1284 2162 1397 itaque
2191 1344 2220 1385 ‚

194 1464 529 1536 mutato
584 1454 1026 1568 proposito
1058 1518 1087 1559 ‚
1156 1414 1714 1568 paucissirnas
1770 1443 2033 1558 hujus
2085 1472 2230 1557 ge·

196 1608 428 1694 neris
484 1624 723 1696 notas
760 1610 1150 1726 inspersi.
1188 1615 1667 1699 Auctorum
1710 1622 1999 1695 tamen
2031 1603 2224 1691 loca

193 1799 241 1855 a
300 1768 565 1883 Lydo
624 1771 963 1860 laudata
1004 1773 1425 1887 quaesivi,
1504 1785 2020 1889 repertaque
2075 1780 2226 1853 aut

192 1931 421 2017 notis
450 1932 775 2021 inserui
804 1949 953 2022 aut
975 1950 1205 2021 certe
1240 1926 1650 2017 indicavi.
1692 1928 2014 2017 Praeter
2051 1926 2227 2012 lau·

192 2086 391 2173 data
428 2102 715 2175 autem
744 2088 981 2194 loca,
1050 2090 1213 2176 alia
1250 2114 1600 2203 quoque
1624 2149 1654 2192 ‚
1711 2113 1897 2196 non
1927 2080 2220 2168 addito

190 2247 567 2333 auctoris
595 2248 1011 2367 nomine,
1049 2265 1521 2339 occurrunt
1563 2281 1587 2336 t
1633 2247 1915 2337 veluti
1945 2242 2221 2332 verba

190 2414 357 2501 οὔθ’
386 2412 701 2529 ἔιλὸγῳ
728 2420 895 2505 οὗθ’
916 2423 987 2505 ἐν
1020 2420 1412 2541 ἀριθμῷ(
1431 2448 1620 2535 pag.
1649 2414 1843 2525 180,
1881 2411 2031 2497 lin.
2066 2409 2220 2518 51)

190 2612 387 2695 quae
440 2600 647 2669 sunt
694 2614 893 2701 pars
935 2583 1318 2694 oraculi,
1382 2581 1621 2699 quod
1667 2578 1950 2669 adfert
1983 2574 2222 2669 schoa
2333 2654 2348 2665 .

188 2741 473 2829 liastes
508 2745 619 2831 ad
652 2743 1099 2833 Theocriti
1136 2746 1263 2833 Id.
1304 2750 1449 2857 24,
1496 2774 1586 2833 v.
1621 2744 1777 2856 483
1831 2759 1916 2828 et
1945 2741 2218 2829 verba

184 2897 337 2992 ἔθει
386 2906 481 2994 ἑὲ
514 2900 926 3029 χρημάτων
962 2930 1115 3002 ete.
1163 2918 1397 3033 (pag.
1436 2912 1638 3027 246)
1671 2945 1865 3031 quae
1889 2925 2214 3028 patete

182 3074 805 3165 Demosthenis
839 3080 1210 3198 Olynth.
1244 3112 1319 3172 1.
1360 3082 1626 3198 petita
1655 3110 1842 3168 esse
1864 3147 1893 3188 ,
1935 3078 2088 3167 ubi
2111 3078 2226 3165 le-‘
2369 3172 2376 3183 ,

180 3245 413 3359 gitur
442 3247 569 3332 <m
594 3245 691 3341 δὐῗ
713 3241 1315 3366 χρημάτωνεῑο.
1351 3254 1580 3364 Quae
1611 3252 1788 3341 duo
1819 3284 2012 3338 sero
2045 3254 2216 3339 ani-

178 3414 641 3502 madversa
670 3414 813 3503 hic
841 3414 1249 3503 adnotare
1273 3420 1570 3533 juvat,
1623 3390 1974 3529 ceteris,
2018 3449 2214 3534 quae

180 3574 569 3688 reperire
596 3554 867 3689 potui,
898 3606 1059 3661 suo
1085 3573 1276 3695 loeo
1302 3574 1728 3662 indicatis.
1762 3576 1920 3661 Est
1944 3578 2214 3663 omni·

172 3766 295 3823 no
320 3736 633 3851 Lydus
658 3736 984 3825 multus
1007 3738 1097 3845 in
1126 3712 1528 3821 veterum
1559 3732 2080 3849 scriptorum
2098 3733 2212 3820 lo·

176 3898 299 3983 eis
312 3962 341 4005 ,
378 3928 613 4026 quae,
650 3896 859 3990 olim
889 3898 1137 4006 lecta,
1168 3897 1614 3988 memoriae
1638 3900 1824 4012 ejus
1851 3894 2210 3993 confusa
