3050 5017
727 520 744 541 ·
849 498 1050 596 xviij
1475 512 2251 575 connrnrsnms

846 668 955 743 sis
997 664 1308 775 aequalis
1335 723 1358 764 ,
1399 670 1498 744 ab
1537 668 1685 743 isto
1726 666 2079 743 laudatur
2124 666 2210 742 in
2262 674 2611 740 extremo
2672 662 2873 740 libro
3018 671 3020 681 ’

848 800 1125 900 quinto
1147 802 1440 878 Histor.
1461 799 1891 875 Ecclesiast.
1918 797 2357 874 ediLVales.
2384 824 2546 899 pag.
2575 800 2749 877 442.
2768 796 2875 873 D.‘

849 958 1009 1031 quo
1025 958 1127 1008 ex
1147 933 1320 1008 loco
1345 944 1591 1032 patet,
1621 932 1764 1007 sub
1785 958 1849 1006 a.
1876 931 2059 1033 595,
2098 958 2277 1006 cum
2308 931 2471 1008 haec
2514 933 2872 1007 scriberet

849 1064 1226 1164 Evagrius
1249 1119 1275 1151 ,
1330 1062 1730 1162 Agathiam
1774 1088 1861 1137 ac
1900 1062 1949 1136 J
1950 1088 2280 1138 oannem
2312 1063 2659 1139 nondum
2698 1065 2875 1139 vul·

849 1221 1058 1296 gasse
1089 1220 1268 1270 suos
1299 1192 1569 1270 libros.
1610 1193 1877 1270 Edidit
1904 1206 2162 1271 tamen
2183 1210 2442 1295 postea
2472 1197 2871 1273 historiam

847 1330 1182 1403 Ioannes
1201 1383 1223 1423 ,
1273 1354 1428 1427 qua
1467 1326 1723 1428 fugam
1770 1324 2133 1403 Chosro'is
2164 1328 2275 1401 11.
2298 1385 2320 1424 ,
2366 1329 2579 1403 illius
2632 1354 2865 1427 quem

849 1466 1094 1540 Cosru
1135 1467 1409 1541 Pervis
1443 1466 1763 1541 barbaro
1796 1466 2181 1564 appellant
2214 1524 2237 1559 ‚
2287 1468 2600 1563 ejusque
2650 1466 2782 1541 red
2792 1494 2877 1541 u-

847 1598 1182 1674 ctionem
1213 1598 1296 1697 in
1333 1622 1657 1696 regnum
1716 1624 1782 1672 a.
1846 1598 1987 1699 591
2048 1624 2092 1673 a
2153 1598 2535 1673 Mauricio
2578 1599 2873 1674 Caesare
3022 1662 3024 1703 ς

845 1728 1121 1809 factam
1144 1786 1166 1827 ,
1226 1731 1608 1807 subtiliter
1646 1744 1808 1807 erat
1852 1746 2291 1830 persecutus
2338 1758 2357 1806 t
2392 1758 2710 1831 eamque
2750 1732 2877 1810 hi·-

849 1864 1164 1939 storiam
1231 1862 1907 1963 Theophylsctum
1968 1865 2461 1941 Simocattam
2524 1866 2877 1964 suspicor

848 2008 1196 2075 secutum
1244 2020 1404 2071 esse
1435 1995 1637 2071 libro
1678 1996 1811 2071 IV
1855 2007 1933 2071 et
1958 1996 2043 2070 V
2066 2054 2089 2095 ,
2150 1998 2237 2072 in
2288 1997 2749 2097 digressione
2780 1997 2875 2074 ds

849 2130 1212 2207 Chosro'is
1251 2118 1432 2229 fuga
1473 2155 1563 2205 ac
1598 2128 1873 2205 reditu.
1929 2130 2241 2205 Atenim
2290 2132 2551 2208 evenit
2590 2130 2639 2204 J
2641 2132 2873 2207 oanni
3025 2204 3026 2209 ,

848 2264 932 2341 id
962 2262 1172 2363 quod
1202 2262 1466 2365 Lydo,
1520 2266 1841 2363 aliisque
1878 2264 2143 2339 multis
2179 2291 2197 2337 ι
2248 2274 2339 2339 ut
2372 2264 2756 2340 Arabibus
2791 2266 2874 2341 in

851 2422 982 2473 cos
1025 2398 1236 2496 ipsos
1273 2408 1561 2472 tractus
1594 2396 2264 2475 effervescentibus
2295 2452 2325 2488 ,
2350 2398 2487 2472 ubi
2516 2396 2877 2496 pleraque

851 2532 1016 2628 ejus
1047 2528 1512 2629 exemplaria
1554 2530 1897 2606 extitisse
1939 2526 2301 2605 credibile
2348 2540 2499 2623 est,
2544 2528 2679 2603 illa
2720 2527 2877 2605 fere

856 2664 1116 2740 omnia
1127 2664 1530 2741 interirent
1556 2692 1573 2740 ε
1604 2664 1913 2763 accedit,
1940 2662 2151 2763 quod
2174 2666 2479 2765 copiosa
2498 2676 2879 2764 excerpta,

853 2797 941 2871 in
995 2794 1567 2895 Theophylacti
1614 2796 2017 2873 historiam
2058 2822 2159 2872 ex
2193 2795 2533 2871 Ioannes
2571 2796 2835 2871 tralata
2856 2850 2878 2891 ,

853 2929 1208 3009 homines
1251 2930 1350 3007 ad
1397 2932 1599 3009 hanc
1644 2932 2219 3009 describendam
2272 2932 2652 3031 segniores
2708 2930 2883 3006 red·-

854 3064 1036 3141 dere
1075 3063 1524 3167 debuerunt.
1581 3066 1703 3141 Ita
1748 3066 1911 3165 ejus
1952 3051 2249 3201 codicxes
2287 3066 2651 3166 paulatim
2706 3092 2878 3141 eva-

849 3212 1191 3275 nuerunt
1214 3256 1238 3297 ,
1287 3212 1566 3299 praeter
1598 3198 1794 3277 duos
1830 3227 1850 3275 z
1880 3199 2166 3277 horum
2202 3200 2527 3275 alterum
2554 3224 2716 3275 soec.
2752 3222 2879 3275 ΧΠ

849 3330 1514 3433 Constantinopoli
1580 3335 1782 3410 inter
1840 3334 2089 3409 Annae
2142 3332 2551 3405 Gomnenae
2602 3356 2879 3407 manus

849 3461 1084 3539 fuisse
1108 3461 1342 3540 video
1360 3522 1383 3561 ,
1431 3490 1604 3562 quse
1640 3461 2031 3539 interdum
2049 3474 2249 3538 totos
2276 3462 2483 3537 locos
2506 3462 2836 3539 Ioannis
2855 3521 2878 3562 ,

853 3606 943 3669 ut
980 3606 1093 3669 est
1131 3582 1641 3671 sententiosus
1682 3597 2039 3695 scriptor,
2090 3594 2539 3693 usurpavit,
2598 3622 2883 3694 eosque

841 3729 1166 3806 totidem
1193 3733 1452 3809 verbis
1499 3735 1584 3840 in
1620 3734 2137 3810 narrationem
2168 3730 2437 3808 furtim
2476 3732 2874 3808 transtulit

849 3892 1066 3945 suam
1133 3900 1155 3949 z
1231 3870 1554 3947 alterum
1626 3873 1789 3971 ipse
1848 3869 2312 3971 deprehendi
2342 3878 2347 3885 ’
2382 3872 2585 3946 inter
2641 3874 2879 3948 Vati-

847 4026 1077 4089 canos
1111 4004 1330 4083 codd.
1363 4034 1643 4108 graecos
1676 4008 2007 4089 Parisios
2038 4018 2509 4089 transvectos
2533 4062 2559 4101 ,
2620 4008 2881 4087 charta
