3050 5017
839 511 960 566 ΣΧ
1466 499 2241 555 COMMENTARIUS

837 656 1017 732 tatis
1069 631 1420 730 codicum
1457 649 1669 751 Lydi
1718 649 2095 728 Arabicus
2140 649 2519 726 tumultus
2561 649 2881 727 videtur

844 812 1002 862 una
1035 811 1198 860 esse
1227 811 1488 860 causa:
1522 784 1755 858 altera
1783 781 2099 858 fortasse
2119 839 2139 877 ,
2188 782 2403 882 quod
2449 795 2715 858 auctor
2738 809 2873 860 su-

845 929 1148 1018 spectus
1177 927 1368 992 esset
1417 914 1510 990 de
1558 916 1925 1016 religione
1979 941 1996 986 z
2046 916 2289 1014 capita
2320 916 2527 990 enim
2566 918 2729 1014 ejus
2762 941 2869 990 ex

840 1052 1277 1150 aruspicina
1323 1050 1787 1148 scientiaque
1826 1050 2167 1148 augurali
2203 1049 2433 1147 petita
2467 1047 2871 1125 offendisse

849 1187 1262 1265 hominum
1323 1185 1617 1260 animos
1672 1239 1695 1278 ‚
1770 1181 1969 1259 infra
2014 1184 2299 1282 patebit
2349 1207 2511 1280 pag.
2566 1183 2739 1280 :xxij
2785 1193 2863 1256 et

833 1320 1046 1394 xxiv·
1077 1341 1120 1389 e
1147 1316 1414 1391 Photii
1436 1317 1873 1415 Leonisque
1896 1317 2207 1392 Caesaris
2235 1314 2423 1390 locis
2454 1339 2470 1388 :
2502 1339 2675 1412 quae
2703 1315 2874 1412 qui·

851 1452 1032 1528 dem
1064 1450 1361 1526 invidia
1397 1451 1768 1548 quosdam
1792 1507 1813 1538 ,
1868 1451 2003 1549 qui
2041 1452 2127 1524 in
2152 1449 2625 1524 monasteriis
2656 1445 2867 1523 codi-

835 1613 962 1663 ces
989 1584 1514 1677 describebant
1539 1643 1560 1680 ,
1590 1586 2043 1684 promtiores
2064 1583 2377 1659 fortasse
2408 1581 2741 1658 reddidit
2772 1579 2871 1656 ad

835 1711 1441 1816 extinguendam
1481 1720 1643 1816 ejus
1670 1720 2114 1794 memoriam
2138 1773 2159 1812 ‚
2196 1739 2428 1816 quam
2462 1715 2557 1791 ad
2586 1738 2867 1815 propa-

836 1851 1185 1952 gandam.
1219 1852 1484 1926 Tertia
1515 1877 1737 1926 causa
1776 1852 2104 1927 raritatis
2138 1850 2489 1925 codicum
2520 1849 2725 1950 Lydi
2750 1857 2865 1922 est

835 1983 1301 2081 excerpendi
1325 1983 1699 2080 studium,
1734 1984 1945 2083 quod
1968 1986 2349 2060 invaserat
2372 1985 2683 2059 Graecos
2706 2009 2725 2056 t
2752 1992 2861 2076 ut,

833 2141 994 2215 quo
1018 2118 1192 2216 quis
1213 2131 1402 2192 esset
1423 2118 1659 2217 magis
1682 2119 1943 2194 varius
1966 2129 2040 2192 et
2064 2119 2567 2216 quaestionum
2590 2117 2866 2216 plenus

831 2255 1054 2346 liber,
1077 2283 1168 2331 eo
1193 2261 1556 2354 majorem
1578 2261 2096 2334 breviantium
2112 2262 2414 2334 turbam
2436 2259 2815 2333 allectaret
2840 2278 2859 2330 ε

835 2387 976 2484 qui
1004 2401 1288 2486 quanta
1311 2391 1551 2465 literis
1575 2393 1858 2466 nostris
1878 2391 2329 2466 detrimenta
2352 2392 2861 2491 importarint,

835 2547 1015 2598 cum
1073 2521 1290 2600 sactis
1351 2508 1977 2603 deflorationibus
2066 2526 2213 2625 (ut
2254 2525 2568 2604 illorum
2617 2528 2861 2603 verbo

832 2662 1054 2762 utar)
1081 2664 1244 2762 ipsa
1277 2693 1504 2765 opera
1532 2667 2091 2767 negligerentur
2114 2725 2135 2764 ‚
2159 2677 2330 2766 post
2348 2670 2395 2742 J
2400 2681 2657 2746 ustum
2680 2670 2860 2768 Lip-

833 2781 1037 2879 sium
1066 2805 1257 2881 Var.
1293 2809 1502 2882 Lect.
1532 2809 1707 2883 Lib.
1740 2809 1869 2882 III
1900 2835 2060 2907 cap.
2092 2835 2207 2908 27.
2238 2811 2437 2910 opp.
2469 2809 2646 2884 edit.
2664 2810 2871 2885 Ant&

838 2965 1057 3039 verp.
1083 2941 1252 3016 Pol.
1287 2945 1510 3018 Tom.
1542 2947 1583 3019 I
1612 2971 1776 3044 pag.
1807 2945 1926 3022 65.
1964 2947 2190 3020 multi
2222 2959 2400 3020 sunt
2436 2947 2859 3044 conquesti.

833 3065 984 3150 Sed
1025 3075 1470 3173 priusquam
1503 3103 2031 3176 recognoscam
2069 3136 2090 3175 ‚
2143 3091 2333 3177 quot
2369 3081 2719 3180 epitomae
2750 3097 2860 3156 ex

833 3209 1081 3284 tribus
1128 3211 1334 3310 Lydi
1375 3213 1594 3289 libris
1647 3241 1809 3292 saec.
1846 3239 1935 3290 lx
1978 3227 2054 3289 et
2094 3216 2448 3315 deinceps
2500 3216 2863 3294 confectae

833 3345 1113 3419 nostris
1170 3348 1253 3421 in
1285 3349 1772 3426 bibliothecis
1810 3351 2091 3449 passim
2136 3361 2401 3426 extent
2438 3362 2575 3425 :ut
2622 3353 2864 3451 magis

833 3489 1228 3572 appareat,
1287 3507 1444 3578 quo
1500 3493 1721 3580 pacto
1768 3509 1919 3557 una
1976 3509 2153 3558 cum
2206 3483 2549 3560 aetatibus
2608 3483 2861 3561 homi-

831 3635 1026 3686 num
1075 3611 1281 3712 Lydi
1339 3617 1620 3714 scripta
1671 3616 1949 3691 sensim
2008 3617 2470 3694 evanuerint
2524 3647 2542 3693 ε
2595 3631 2859 3694 aucto-

831 3767 953 3818 res
1015 3769 1292 3842 graecos
1314 3802 1335 3841 ‚
1415 3750 1552 3846 qui
1607 3749 1829 3822 etiam
1888 3759 2057 3846 post
2109 3751 2523 3825 tumultum
2578 3749 2862 3826 Arabi-

835 3899 1016 3950 cum
1079 3877 1284 3977 Lydi
1341 3881 1808 3956 mentionem
1877 3881 2221 3959 fecerunt
2272 3939 2293 3978 ,
2392 3885 2863 3958 conservatis

831 4013 1307 4110 temporibus
1373 4040 1531 4093 uno
1582 4016 1666 4093 in
1714 4011 2121 4126 conspectu
2191 4016 2323 4093 hic
2382 4039 2648 4093 omnes
2724 4041 2863 4115 po·-
