3050 5017
1392 263 1405 296 Ι

454 501 993 551 mirum-ren:
1042 500 1437 552 nonnus
1490 499 1647 548 mn.
1704 501 1828 549 ιιι.
2015 504 2056 548 2
2076 503 2162 576 19

150 605 545 684 virtutibus
573 610 1213 710 incomparabilis,
1236 611 1441 711 apud
1466 613 1992 710 imperatorem
2011 611 2165 708 jus·

156 726 381 798 titiam
408 741 489 800 et
512 730 978 801 sanctitatem
1007 742 1081 800 et
1106 729 1399 828 generis
1424 725 1906 828 splendorem
1931 727 2166 802 hono·

148 855 419 914 tantem
459 843 637 943 plus
664 843 928 916 valere.
1101 933 1111 944 κ

241 957 357 1055 39.
408 964 657 1032 Restat
692 961 963 1058 igitur,
996 973 1087 1032 ut
1110 981 1369 1032 causas
1400 960 1967 1042 imminutionis
1999 973 2168 1032 tan-

146 1087 373 1172 taeque
384 1099 641 1148 rerum
660 1077 1275 1150 commutationis
1292 1100 1760 1175 exponamus
1781 1101 1798 1145 ε
1821 1077 2168 1174 quamvis

144 1186 323 1260 forte
346 1192 598 1288 ipsum
631 1193 1147 1291 magistratum
1176 1207 1253 1266 et
1272 1192 1634 1287 majorem
1671 1215 1824 1264 sese
1847 1193 2164 1290 impera-

150 1306 318 1378 toris
347 1306 733 1404 vigilantia
754 1324 831 1383 et
852 1308 1243 1383 clariorem
1274 1311 1692 1382 etiamnum
1729 1322 1838 1380 est
1868 1308 2160 1381 videre:
2257 1375 2264 1389 ,

146 1445 382 1520 neque
414 1425 619 1498 enim
644 1449 819 1524 pars
842 1440 953 1500 est
978 1428 1211 1501 totius
1232 1423 1698 1525 reipublioea
1747 1448 1975 1521 quam
2001 1448 2160 1496 non

145 1537 217 1606 in
258 1541 695 1614 universum
738 1541 835 1614 ad
874 1541 1255 1642 fastigium
1292 1541 1524 1614 simul
1554 1538 2007 1640 firmamque
2037 1565 2164 1640 po-

140 1656 435 1730 tentiam
461 1657 867 1760 imperator
882 1650 1059 1732 cum
1080 1659 1303 1733 bonis
1314 1657 1691 1749 extulerit,
1705 1658 2160 1730 circumiens

140 1796 277 1844 una
295 1776 1059 1877 circumspiciensque
1079 1807 1100 1871 ;
1126 1803 1373 1879 neque
1392 1776 1642 1867 ullum
1659 1779 2158 1875 antiquorum

136 1889 285 1982 ejus
304 1909 927 1970 ornamentorum
948 1949 969 1984 ‚
1027 1895 1235 1994 quod
1260 1921 1419 1968 non
1449 1894 1724 1968 additis
1741 1883 2161 1967 virtutibus

134 2007 552 2079 restituerit.
592 2009 731 2082 Sed
756 2014 959 2084 enim
986 2027 1325 2111 tempus,
1364 2026 1638 2085 natura
1671 2035 1804 2084 sua
1837 2033 2154 2096 nocens,

136 2120 457 2218 plurima
477 2124 905 2225 adparentis
928 2129 1393 2227 magistratui
1423 2127 1656 2202 officii
1679 2126 1896 2200 utilia
1927 2124 2182 2198 simul·

132 2251 196 2310 et
214 2237 480 2312 decora
496 2257 631 2315 aut
641 2245 949 2341 penitus
970 2247 1311 2337 extinxit,
1336 2259 1470 2321 aut
1486 2260 1788 2318 tantum
1805 2245 1908 2315 im
1916 2256 2158 2314 muta-

130 2355 257 2440 vit,
272 2369 362 2426 ut
376 2356 937 2448 admirabilium
954 2363 1339 2462 quondam
1354 2361 1765 2435 obscurum
1784 2383 1994 2431 nunc
2011 2379 2158 2430 ves·

135 2471 393 2566 tigium
432 2489 853 2566 conservet,
886 2493 1127 2550 stante
1166 2479 1477 2577 quidem
1516 2499 1653 2550 sua
1687 2473 2155 2573 magistratui

134 2585 485 2682 potestate
507 2646 529 2681 ,
548 2589 805 2666 officio
828 2609 1081 2667 autem
1102 2649 1123 2682 ,
1144 2594 1371 2669 modo
1393 2620 1483 2666 ex
1510 2593 1575 2688 ej
1585 2617 1676 2666 us
1703 2591 2156 2663 immutatio-

136 2703 391 2796 nibus,
438 2707 667 2782 modo
698 2734 789 2784 ex
834 2711 1349 2810 adparitorum
1387 2713 1682 2810 ignavia
1729 2710 1918 2803 (nisi
1969 2707 2156 2780 deus

136 2835 207 2892 et
238 2820 361 2896 hic
417 2825 498 2896 in
546 2824 911 2900 omnibus
954 2829 1293 2926 egregius
1330 2830 1742 2927 imperator
1769 2848 1994 2923 opem
2042 2821 2158 2896 fe-

136 2941 341 3038 rant)
375 2967 597 3042 paene
620 2940 969 3020 funditus
1001 2960 1388 3043 pereunte.
1424 2942 1685 3018 Sicubi
1709 2965 1886 3014 vero
1906 2963 1934 3031 ,·
1955 2963 2153 3012 com-

136 3062 385 3133 munis
412 3059 775 3134 libertatis
806 3060 1093 3150 studio,
1119 3085 1385 3134 eorum
1411 3061 1742 3159 aliquem
1762 3113 1784 3152 ,
1819 3059 1958 3159 qui
1993 3081 2154 3130 non

132 3177 543 3251 secundum
587 3179 1063 3278 propositum
1108 3178 1447 3276 generosi
1496 3178 1968 3275 imperatoris
2003 3199 2156 3246 ma-

136 3293 559 3390 gistratibus
618 3293 1083 3395 praefuerunt
1102 3351 1123 3387 ,
1176 3293 1519 3368 acerbius
1564 3292 1754 3366 forte
1791 3347 1812 3383 ,
1865 3291 2156 3391 placide

135 3409 651 3509 progrediente
691 3411 1165 3486 enarratione
1190 3468 1213 3503 ,
1258 3413 1741 3501 incusaver03
1787 3433 1946 3482 non
1975 3407 2157 3507 ipsis

136 3527 681 3624 magistratibus
714 3529 843 3602 sed
878 3531 973 3602 iis
998 3529 1191 3602 male
1222 3527 1476 3601 abusis
1499 3527 1870 3626 sapientes
1899 3548 2156 3598 rerum

136 3646 599 3719 aestimatores
634 3646 1234 3744 indignationem
1262 3643 1623 3718 tribuant.
1658 3647 1914 3741 Neque
1947 3642 2156 3714 enim

140 3763 659 3836 tantummodo
708 3762 945 3837 malos
979 3786 1323 3835 accusare
1372 3785 1602 3833 ausus
1651 3782 1858 3848 sum,
1909 3755 2038 3829 sed
2079 3769 2158 3828 et

138 3875 405 3968 bonos,
446 3881 583 3952 etsi
622 3905 778 3953 non
824 3905 969 3980 pro
1012 3879 1341 3972 meriti&
1372 3875 1661 3951 ornavi.
1713 3875 1834 3948 Sic
1869 3873 2156 3988 quippe

212 4007 289 4106 4)
324 4009 472 4078 cod.
493 4015 887 4084 ὀλισέενοὺσης.
1839 3999 1856 4008 ’
