3050 5017
677 439 682 447 '
775 437 856 535 lij
941 499 944 512 .
1043 519 1052 542 ι
1425 455 2169 512 σοΜΜΒΝΤΑΜυε

781 633 1020 720 quam
1033 603 1593 712 Bibliothecam
1612 587 2037 686 Palatinam
2057 601 2334 683 Heidel
2342 606 2604 705 berga
2580 631 2668 682 m
2694 631 2819 682 m·-
2989 454 3029 826 3

783 740 1000 816 bem
979 767 1141 840 lpse
1163 742 1680 832 transtulerat,
1714 745 2093 820 minorem
2118 769 2161 818 a
2180 738 2527 818 Planude
2546 737 2821 816 factam

781 875 870 952 in
899 873 1084 950 cod.
1107 875 1457 952 Palatino
1485 899 1723 952 cxm.
1739 903 1883 954 nec
1908 879 2170 954 minus
2207 876 2549 975 primum
2570 883 2651 951 et
2678 883 2823 948 ter·

783 1009 986 1085 tium
1043 1007 1559 1108 fragmentum
1618 1009 1800 1086 libri
1862 1008 1954 1086 de
2010 1009 2407 1086 Ostentis:
2450 1007 2827 1084 nimirum

787 1144 1385 1242 Ephemeridem.
1403 1143 1702 1242 Nigidii
1734 1145 2047 1248 Figuli
2023 1171 2108 1220 m
2135 1137 2486 1219 Palatino
2509 1162 2779 1216 cccxn
2796 1193 2821 1236 ,

789 1276 1344 1352 Kalendarium
1395 1277 1506 1353 cl.
1554 1279 1793 1356 Tusci
1843 1281 1929 1356 in
1980 1277 2399 1355 Barberino
2460 1293 2829 1351 cnxxvn·

793 1409 991 1502 Quae
1027 1433 1123 1482 an
1151 1411 1410 1484 omnia
1443 1409 1666 1487 edere
1698 1411 2079 1502 voluerit,
2112 1435 2275 1486 non
2297 1418 2630 1484 constat.
2664 1431 2829 1480 mn·

769 1542 1033 1640 jorem
1065 1541 1475 1639 Epitomen
1511 1544 1691 1621 libri
1718 1543 1811 1621 de
1831 1541 2233 1620 Mensibus
2260 1540 2597 1618 voluisse
2628 1536 2831 1615 indi·
3003 1411 3019 1651 3

795 1682 916 1747 cat
944 1671 1350 1750 Indiculus
1378 1681 1725 1772 Συμμὺιτων
1744 1679 1943 1776 ejus,
1990 1676 2085 1750 ab
2106 1672 2415 1750 Andrea
2432 1669 2835 1748 Peachiul-
3007 1662 3019 1835 3

794 1807 906 1884 lio
965 1807 1239 1882 Romae
1278 1805 1494 1886 1668.
1550 1814 1621 1888 4.
1668 1811 1871 1888 foras
1918 1807 2178 1901 datus,
2228 1835 2275 1882 a
2321 1807 2835 1904 Fabricioque
3009 1802 3021 1910 3

799 1963 1113 2014 recusus
1145 1938 1344 2014 Bibl·
1373 1965 1483 2042 gr.
1522 1943 1712 2020 Vol.
1742 1939 1977 2018 XIV.
2009 1967 2173 2042 pag.
2204 1967 2238 2016 1
2246 1965 2425 2017 -212
2458 1939 2597 2016 ubi
2628 1938 2837 2036 inter

803 2098 933 2169 ea,
985 2071 1270 2170 quibus
1302 2072 1591 2152 librum
1638 2087 1999 2174 quartum
2040 2074 2643 2174 Symmictorum
2690 2081 2841 2146 ter-
3013 1993 3023 2131 3

801 2206 1101 2284 minare
1151 2217 1510 2284 statuerat
1568 2211 1898 2288 Allatius
1917 2265 1939 2305 ‚
1993 2208 2484 2306 reperiuntur
2540 2227 2705 2305 pag
2738 2203 2840 2301 6,

805 2340 963 2416 No.
987 2339 1087 2426 46
1111 2363 1158 2411 c<
1184 2367 1277 2416 ex
1295 2345 1359 2414 J
1352 2369 1590 2417 oanne
1610 2344 2276 2441 Philadelphiensi
2302 2353 2677 2440 excerpta,
2692 2343 2845 2416 inc.

809 2463 1024 2573 ὀρθῶς
1055 2483 1178 2573 ἄρα
1209 2479 1264 2546 οἱ
1303 2482 1378 2548 τὰ
1410 2483 1627 2572 μυθικὰ
1665 2485 1767 2552 τὸν
1808 2483 2042 2576 Κρόνον
2080 2477 2218 2558 τοὺς
2266 2481 2473 2550 ἑαυτοῦ
2500 2476 2757 2556 παῖδας·
2796 2499 2842 2548 n

813 2603 1026 2705 quod
1045 2630 1204 2681 esse
1221 2597 1533 2684 initium
1552 2609 1857 2710 majoris
1876 2607 2089 2684 illius
2104 2609 2477 2708 Epitomae
2492 2635 2563 2708 p.
2546 2607 2847 2707 dcxxvi

814 2737 1532 2816 demonstravimus.
1572 2741 1729 2819 'Sed
1768 2741 2059 2818 Allatio
2092 2767 2158 2816 a.
2200 2737 2396 2840 1669
2430 2751 2604 2841 post
2636 2742 2848 2818 labo·

815 2874 1233 2948 riosissime
1283 2887 1524 2951 actam
1569 2877 1815 2952 vitam
1860 2876 2247 2972 extincto,
2286 2901 2553 2951 rursus
2600 2898 2853 2951 crassa

817 3005 1166 3106 quaedam
1203 2999 1593 3086 Vaticanae
1632 3009 2125 3087 Bibliothecae
2147 3009 2387 3086 offusa
2415 3009 2655 3110 caligo
2686 3019 2849 3084 est:

756 3248 764 3254 .
823 3138 1034 3239 quod
1071 3140 1210 3238 qui
1255 3142 1326 3217 ei
1363 3145 1723 3242 proxime
1782 3155 2354 3240 successerunt,
2400 3144 2753 3220 siminus
2808 3169 2859 3220 a

825 3273 1210 3370 doctrina,
1239 3287 1440 3352 certe
1469 3280 1564 3354 ab
1577 3278 1953 3356 industria
1966 3280 2127 3376 ejus
2147 3277 2483 3354 multum
2511 3280 2856 3354 aberant:

828 3433 974 3482 nec
1002 3407 1134 3482 illa
1167 3409 1251 3481 in
1286 3420 1458 3484 octo
1493 3412 1947 3507 posteriores
1979 3409 2585 3509 Symmictorum
2610 3411 2857 3486 libros

827 3536 1223 3614 referenda
1244 3537 1338 3611 ad
1359 3562 1639 3616 chxv
1663 3552 1815 3615 tam
1842 3525 2079 3640 graece
2112 3565 2343 3637 quam
2374 3541 2609 3618 latina
2631 3564 2863 3642 opus·

832 3671 1003 3748 cula
1025 3727 1048 3767 ‚
1095 3697 1427 3770 quorum
1467 3674 1833 3772 pleraque
1866 3699 1967 3750 ne
2005 3671 2237 3748 hodie
2268 3673 2580 3773 quidem
2604 3676 2864 3752 lucem

833 3801 1243 3898 viderunt,
1296 3828 1439 3877 nec
1490 3831 1829 3902 unquam
1882 3803 2306 3896 videbunt,
2376 3817 2541 3882 tum
2587 3821 2771 3883 sunt
2818 3836 2865 3884 e

835 3938 1294 4014 scriniorum
1351 3940 1685 4016 tenebris
1738 3941 1835 4016 ab
1884 3966 1976 4016 eo
2037 3951 2273 4016 eruta·
2330 3939 2526 4020 Item
2578 3945 2867 4030 instru-
