3050 5017
455 466 1021 521 annuntient
1074 464 1479 517 notumne
1530 466 1682 519 ms.
1737 472 1860 522 111.
2041 442 2179 549 ¹93

130 574 457 679 aliisque
507 580 741 653 lucris
794 580 1172 678 praecipua
1232 576 1585 668 habebat,
1639 597 1981 655 actorum
2047 610 2186 660 sua

126 698 693 799 subscriptione
746 694 1331 796 completionem
1394 694 1696 782 servans
1719 754 1739 788 ‚
1789 724 1956 799 quoe
2019 729 2182 778 non

128 817 515 890 minorem
550 812 761 887 mille
787 815 1037 885 aureis
1068 810 1399 885 reditum
1428 815 1498 885 ei
1536 811 1895 889 ferebant.
2133 900 2140 909 ¹

250 931 371 1007 25.
424 933 831 1032 Sequentia
881 934 1059 1005 vero
1110 928 1141 1029 (
1160 944 1251 1001 ut
1304 954 1483 1002 cum
1537 934 1921 1032 Euripidis
1965 933 2182 1011 Peleo

124 1050 435 1149 loquar)
455 1072 803 1124 enarrare
821 1049 987 1121 sine
1004 1046 1357 1139 lacrymis
1378 1072 1540 1121 non
1563 1072 1879 1147 possem.
1901 1056 2182 1127 Omnia

128 1168 427 1267 quippe
456 1166 611 1239 haec
639 1189 815 1242 cum
842 1166 1059 1265 prius
1077 1164 1233 1261 jam
1260 1218 1281 1255 ‚
1306 1188 1465 1263 quo
1490 1164 1720 1239 modo
1747 1182 1822 1241 et
1841 1169 2134 1269 reliqua
2153 1224 2178 1262 ,

124 1284 621 1373 interiissent,
648 1285 807 1383 ipse
820 1308 1137 1383 quoque
1148 1282 1576 1357 adflictatus
1593 1306 1762 1361 sum
1778 1340 1798 1376 ‚
1821 1288 1958 1384 qui
1979 1290 2180 1362 intra

126 1420 566 1503 temporum
616 1402 1133 1475 infelicitatem
1178 1401 1415 1475 finem
1472 1402 1762 1475 militiae
1804 1403 2182 1503 graduum

127 1522 511 1617 attigerim
536 1574 557 1610 ‚
602 1518 800 1590 nihil
842 1532 1113 1616 praeter
1152 1542 1437 1590 nomen
1472 1518 2184 1621 adsecutus;neque

126 1635 532 1727 erubesoe,
564 1658 735 1709 vera
764 1633 1061 1723 dicens,
1086 1632 1457 1729 justitiam
1484 1650 1746 1707 testem
1779 1638 2126 1713 invocare
2157 1666 2176 1712 t

120 1752 225 1824 ad
255 1776 507 1825 unum
535 1749 847 1825 obolum
884 1774 1137 1850 neque
1170 1774 1211 1821 a
1248 1752 1600 1850 principe
1639 1778 1800 1845 me,
1837 1781 2090 1855 neque
2131 1784 2178 1831 a

124 1866 773 1966 completionibus
796 1923 817 1958 ‚
872 1882 966 1939 ut
993 1882 1305 1958 vocant,
1344 1870 1498 1942 scio
1522 1871 1910 1968 accepisse.
1956 1875 2180 1947 Unde

124 1988 341 2059 enim
362 2000 811 2083 accepturus
828 2010 1075 2075 eram3
1104 2010 1280 2060 cum
1304 1987 1670 2083 antiquus
1695 2012 1858 2060 mos
1880 1988 2179 2082 fuisset,

124 2116 221 2178 ut
252 2103 394 2200 qui
444 2100 541 2171 ad
584 2102 909 2176 maxima
946 2117 1115 2183 tum
1157 2100 1445 2196 judicia
1494 2068 1794 2175 dausam
1845 2106 2182 2202 qualem-

124 2241 443 2317 cunque
476 2214 857 2289 deferrent
879 2272 899 2308 ‚
934 2230 1219 2316 septem
1262 2232 1341 2291 et
1382 2221 1692 2317 triginta
1733 2244 2000 2294 aureos
2033 2248 2182 2322 pro

126 2332 601 2420 unimembri
627 2336 923 2407 actione
950 2332 1205 2418 officio
1228 2336 1684 2435 prabet-ent,
1711 2352 1964 2435 postea
1997 2362 2178 2411 vero

125 2453 620 2531 aesmodicum
641 2453 1101 2548 admodum(
1110 2479 1361 2555 neque
1376 2458 1583 2529 enim
1599 2448 1942 2555 aurum),
1957 2482 2178 2557 quasi

128 2574 215 2645 in
238 2570 491 2645 oleum
512 2626 531 2662 ‚
572 2572 879 2664 misere,
912 2594 1001 2643 ac
1026 2593 1137 2643 ne·
1148 2594 1447 2671 semper
1472 2572 1786 2672 quidem
1814 2574 2178 2649 daretur?

126 2701 265 2760 aut
302 2686 689 2786 quomodo
721 2690 1077 2787 princeps
1104 2688 1201 2762 ad
1231 2714 1351 2780 ea,
1408 2708 1578 2790 quae
1609 2690 1792 2764 olim
1827 2694 2174 2765 cornicu-

124 2806 317 2879 lario
357 2802 705 2895 dederat,
756 2812 1059 2878 coactns
1105 2802 1367 2885 fuisset
1400 2862 1422 2897 ‚
1496 2832 1594 2883 ne
1627 2806 1822 2878 nudi
1855 2804 2170 2917 quidem

130 2922 469 2997 nominis
496 2920 663 3019 ejus
696 2924 1061 2994 memoria
1093 2922 1349 2996 relicta
1372 2978 1393 3013 ‚
1434 2948 1613 2995 cum
1649 2922 1898 2995 adesse
1939 2948 2176 3023 porro

132 3044 217 3113 in
239 3040 531 3136 judicio
560 3064 720 3113 non
746 3042 1223 3116 sustinuisset
1240 3094 1261 3131 ‚
1304 3044 1614 3113 nemine
1635 3041 1798 3114 ullo
1819 3045 1902 3114 in
1932 3042 2172 3141 gradu

128 3158 525 3231 militante.
564 3162 687 3231 Me
726 3182 907 3235 vero
942 3160 1265 3257 poenitet
1283 3211 1304 3248 ,
1352 3178 1517 3231 sero
1538 3212 1558 3248 ‚
1603 3160 1814 3255 q‘uod
1851 3174 2173 3257 oportu-

128 3294 327 3369 erat,
355 3294 867 3379 reputantem,
900 3302 1053 3377 qua
1082 3279 1419 3355 mercede
1446 3278 1744 3351 tamdiu·
1767 3279 1852 3349 in
1876 3269 2186 3373 jndicio'

128 3396 544 3475 adsederim
568 3456 589 3491 ‚
638 3400 838 3472 nihil
873 3424 963 3472 ex
986 3390 1078 3473 elo
1111 3401 1193 3471 in
1231 3398 1581 3471 solatium
1619 3412 2111 3473 consecutum
2144 3426 2170 3489 ;

130 3532 204 3590 et
224 3517 399 3613 jure
436 3517 593 3588 haec
618 3516 812 3589 mihi
846 3518 1263 3617 contigere,
1310 3516 1447 3615 qui
1472 3516 1569 3587 ad
1609 3514 1802 3587 illud
1831 3517 2168 3589 ministe-

128 3636 331 3706 rium
358 3637 807 3707 accesserim.
829 3636 1075 3727 Quare
1097 3660 1335 3735 operae
1349 3635 1682 3735 pretium
1713 3635 1888 3723 erit,
1921 3656 2166 3705 meam

132 3752 224 3826 ab
268 3754 495 3827 initio
529 3754 625 3826 ad
658 3754 889 3830 hocce
921 3770 1221 3855 tempus
1254 3754 1642 3840 historiam
1671 3754 2050 3851 persequi.

233 3868 353 3943 26.
404 3872 665 3945 Unum
716 3888 793 3947 et
824 3874 1265 3947 vicesimum
1299 3874 1529 3944 aetatis
1567 3893 1858 3941 annum
1897 3890 2167 3966 agent-1,

213 4017 287 4092 3)
327 4016 477 4079 eod.
516 4026 582 4079 ἀν
616 4044 718 4088 τις.

1766 4112 1858 4184 25
