3050 5017
440 476 1009 529 annuntient
1060 478 1467 531 nomimis
1514 480 1669 529 Lm.
1723 482 1811 529 11.
1981 456 2138 551 ⁸123

90 584 301 657 litiei
326 591 691 691 cessisset,
711 603 787 661 et
812 592 1099 715 priores
1120 591 1499 715 principes
1531 614 1684 662 una
1709 614 1884 663 cum
1915 593 2146 663 armis

92 700 227 773 vel
276 726 627 781 sermone
672 716 893 791 tenus
944 706 1219 777 curam
1283 705 1712 804 reipublicae
1771 709 2148 805 aspernati

94 836 395 893 essent:
415 822 535 895 lex
561 823 883 922 prodiit,
906 826 1413 915 constituens,
1444 840 1532 897 ut
1553 823 1940 924 praefectus
1966 852 2146 924 prae-

96 940 315 1010 torio
354 964 594 1013 sacras
620 966 877 1016 causas
908 941 1205 1015 audiret
1238 969 1256 1015 ε
1296 966 1413 1015 res
1440 942 1559 1016 vel
1593 958 1762 1041 post
1787 944 2146 1015 immuta-

96 1058 411 1129 tionem
446 1058 541 1131 ad
580 1061 977 1157 pristinam
1004 1082 1217 1133 suam
1250 1056 1724 1133 divinitatem
1767 1060 2144 1133 declaran—

96 1170 289 1243 dam
336 1171 739 1247 sufficiens.
778 1174 1111 1249 Candida
1156 1158 1435 1249 scilibet
1470 1200 1650 1247 cum
1682 1188 1882 1247 veste
1913 1176 1996 1247 in
2015 1176 2143 1247 tri÷

96 1288 385 1363 bunali
431 1290 821 1389 praefectus
846 1296 1193 1391 praetorio
1217 1347 1238 1384 ‚
1264 1308 1339 1365 et
1372 1317 1798 1391 congruum
1839 1318 2014 1365 cum
2054 1308 2146 1365 eo

98 1404 459 1479 officium
482 1462 503 1496 ‚
555 1410 719 1511 pari
774 1420 1047 1481 ornatu
1074 1461 1096 1497 ,
1140 1434 1283 1483 nec
1335 1434 1493 1482 non
1550 1410 1696 1507 ipsi
1749 1432 2146 1481 causarum
2219 1396 2227 1404 ⁸

100 1524 413 1595 domini
453 1524 1039 1622 splendidissimi
1074 1553 1090 1595 :
1128 1540 1205 1599 et
1242 1524 1634 1599 silentium
1669 1540 1922 1623 tegens
1943 1524 2146 1621 judi-

104 1643 357 1711 cium:
390 1656 464 1713 et
476 1656 861 1715 oratorum
886 1641 1312 1732 clarissimi,
1338 1643 1604 1742 dignas
1633 1641 1837 1715 festis
1876 1640 2148 1715 diebus

104 1771 351 1829 vestes
380 1772 757 1855 gerentes:
788 1772 865 1831 et
898 1759 1145 1857 tripus
1166 1759 1417 1833 medio
1442 1762 1525 1831 in
1547 1758 1924 1835 auditorio
1944 1811 1965 1848 ,
1993 1780 2148 1829 sus-

102 1897 351 1970 penso
398 1873 481 1945 in
508 1873 759 1945 medio
794 1874 959 1970 ejus
994 1876 1355 1949 cantharo
1379 1928 1400 1965 ,
1424 1874 1965 1974 adpositasque
1993 1897 2148 1946 cra-

106 2004 271 2077 ter3
326 2014 486 2087 quo
530 2013 707 2061 cum
748 1988 931 2063 olim
972 2016 1167 2087 aqua
1216 1991 1661 2090 impleretur
1693 1989 2097 2063 cantharus
2126 2043 2148 2077 ,

108 2122 417 2183 tantum
444 2109 803 2207 temporis
838 2108 1065 2181 dabat
1078 2114 1325 2181 'causae
1354 2109 1878 2208 transigendae,
1909 2132 2150 2206 quan·

106 2241 187 2299 to
204 2278 227 2307 ,
248 2248 451 2322 aqua
476 2222 721 2299 infusa
744 2250 881 2323 per
898 2250 1361 2323 gnomonem
1382 2225 1764 2323 quendam
1779 2220 2152 2322 perfluen-

108 2356 181 2415 te
203 2398 224 2431 ‚
262 2356 508 2414 crater
546 2340 1005 2415 vacuabatur
1042 2368 1059 2412 τ
1118 2357 1194 2435 et
1250 2342 1672 2414 dicentium
1718 2342 1958 2413 oratio
1993 2352 2150 2411 tota

104 2460 203 2532 ad
257 2459 617 2537 divinum
662 2460 995 2556 judicem
1053 2484 1429 2535 conversa.
1491 2462 1690 2551 Quae,
1729 2459 1988 2531 omnia
2035 2458 2150 2531 in-

108 2579 383 2651 teriere
407 2632 429 2669 ,
450 2592 541 2649 ut
566 2602 663 2649 ne
684 2580 1083 2679 vestigium
1109 2578 1419 2677 quidem
1438 2602 1705 2651 eorum
1745 2578 1826 2647 in
1859 2574 2152 2670 judicio

106 2694 385 2767 exinde
440 2695 835 2782 manserit,
886 2693 1273 2790 judicibus
1320 2694 1632 2765 nonnisi
1682 2694 1765 2763 in
1819 2690 2149 2778 occulte,

106 2836 289 2887 cum
310 2814 471 2884 risu
493 2811 985 2907 adstantium,
1016 2811 1231 2909 quasi
1258 2812 1341 2899 in
1370 2810 1626 2881 mimis
1645 2830 1908 2881 causas
1937 2826 2156 2904 quas-

106 2930 287 3001 dam
304 2926 811 3002 audientibus.
828 2932 1087 3025 Neque
1098 2942 1209 3001 est
1222 2925 1471 3001 ullum
1493 2924 1860 3014 officium,
1877 2946 2154 3021 neque,

108 3045 325 3143 quod
342 3046 617 3142 prioris
632 3059 791 3119 erat
812 3043 1421 3131 consuetudinis,
1455 3042 1826 3115 indicium
1854 3052 2156 3138 tempus

106 3164 262 3235 diei
288 3161 651 3241 indicans.
678 3157 1145 3261 Namofficio
1156 3160 1602 3257 praepositus
1619 3156 2154 3254 (subacij‘uvam

110 3304 293 3353 eum
326 3278 713 3381 vocabant,
738 3278 815 3351 id
838 3292 981 3367 est,
998 3280 1344 3369 ὖποβοηθὸν
1360 3276 1425 3371 ),,
1445 3296 1764 3347 munere
1791 3272 2158 3369 fungente

110 3398 593 3495 magistratu,
642 3396 1213 3495 adparitorum
1194 3418 1277 3465 in
1314 3390 1566 3465 frome
1599 3404 1844 3479 stans,
1891 3386 2155 3487 globu-

109 3506 227 3587 los
271 3512 637 3619 quosdam
666 3512 871 3587 haud
894 3512 1125 3603 viles,
1156 3536 1251 3585 ex
1280 3522 1612 3608 argento
1625 3505 1900 3599 factos,
1936 3504 2158 3576 horas

110 3632 266 3703 diei
314 3628 673 3701 Italorum
714 3631 1053 3701 numeris
1079 3628 1467 3742 literisque
1514 3626 1951 3739 inscriptOS,
1977 3646 2156 3693 cum

110 3748 475 3845 gravitate
510 3770 1015 3821 marmoreum
1066 3748 1147 3817 in
1194 3746 1778 3856 pavimentum
1753 3739 2006 3813 subito
2027 3737 2155 3809 des

114 3867 477 3951 mittens,
506 3864 905 3961 strepitum
934 3858 1219 3955 ciebat,
1250 3864 1449 3963 jacto
1485 3858 1853 3937 trochisco
1887 3855 2158 3937 horam

116 3982 273 4056 diei
305 3978 699 4089 splendide
734 3980 1135 4057 indicante.
