3050 5017
514 513 1085 564 nmruurcmz
1134 511 1544 562 nonaum
1593 500 1748 562 mn.
1795 513 1848 562 1.
2091 489 2193 562 83

158 617 604 694 Adoratores
620 676 641 712 ‚
666 623 1033 713 veterani,
1052 623 1335 713 tirones
1361 620 1491 713 ;de
1515 620 1798 723 quibus
1820 619 2191 721 prolixius

170 735 707 838 explicandum
734 764 887 813 esse
913 763 1198 813 censeo.

263 857 395 952 47.
444 851 886 928 Adoratores
903 855 1224 930 Romani
1254 856 1605 928 emeritos
1625 855 1901 929 milites
1924 863 2198 928 vocant

166 969 483 1068 (adorea
532 976 739 1046 enim
782 973 1090 1050 illorum
1128 999 1470 1048 sermone
1522 973 1704 1048 belli
1741 974 1974 1072 gloria
2019 971 2200 1045 dici-

170 1105 337 1184 tur,
394 1117 437 1166 a
472 1092 663 1170 farre
682 1151 703 1189 ,
764 1111 839 1170 et
876 1095 1167 1171 honore
1204 1121 1468 1169 eorum
1500 1151 1521 1188 ,
1587 1121 1781 1198 quos
1809 1093 2202 1196 quondam

174 1205 831 1310 honoraverunt);
888 1227 1275 1286 veteranos
1307 1229 1558 1288 autem
1581 1267 1601 1304 ,
1657 1215 1796 1312 qui
1823 1211 2052 1284 armis
2081 1211 2204 1280 in-

175 1350 513 1401 senuere.
561 1334 806 1402 Testes
850 1345 1033 1403 sunt
1078 1331 1333 1405 Celsus
1360 1386 1382 1421 ,
1424 1335 1822 1420 PaternuS,
1883 1325 2208 1401 Catilina

180 1441 387 1540 (non
421 1445 861 1544 conjuratus
894 1445 1021 1520 ille
1046 1501 1069 1539 ‚
1118 1447 1247 1522 sed
1274 1447 1566 1546 alius),
1620 1461 1795 1520 ante
1823 1443 1992 1517 illos
2023 1447 2208 1516 Cato

182 1559 424 1656 major
467 1575 545 1664 et
586 1564 1037 1656 Frontinus,
1094 1578 1265 1665 post
1300 1588 1494 1663 quos
1534 1579 1610 1636 et
1659 1567 2026 1652 Renatus‚
2068 1558 2212 1658 qui

186 1699 449 1749 omnes
475 1680 795 1751 Romani
823 1707 839 1751 τ
872 1705 913 1752 e
935 1681 1205 1754 Graecis
1224 1705 1401 1756 vero
1417 1679 1787 1769 AElianus,
1809 1677 2214 1764 Arrianus,

185 1795 489 1887 Encas,
556 1797 1001 1873 Onosander
1024 1854 1047 1892 ‚
1116 1805 1387 1874 Patron
1421 1854 1442 1890 ‚
1514 1795 2017 1899 Apollodorus
2041 1848 2062 1885 ,
2124 1793 2212 1864 in

189 1911 682 1988 Poliorceticis
708 1970 731 2005 ,
793 1931 964 2015 post
1016 1941 1210 2017 quos
1242 1917 1588 1990 Julianus
1621 1917 2026 2014 imperator
2054 1964 2075 2000 ,
2126 1909 2215 1990 in

190 2027 641 2106 Mechanicis
681 2032 1057 2132 (quorum
1086 2035 1499 2106 Frontinus
1529 2034 1996 2104 mentionem
2039 2024 2218 2098 facit

196 2144 275 2216 in
292 2143 493 2220 libro
512 2147 605 2222 de
631 2151 939 2224 scientia
965 2149 1365 2248 militari),
1405 2173 1545 2223 nec
1567 2173 1728 2222 non
1755 2143 2220 2220 Claudianus

198 2261 323 2337 ille
356 2265 785 2368 Paphlagon
823 2323 844 2358 ,
905 2283 1121 2368 poeta
1139 2323 1161 2358 ,
1216 2271 1298 2340 in
1334 2267 1533 2342 libro
1562 2269 1816 2366 primo
1846 2263 1941 2336 de
1975 2258 2217 2334 laudi—

196 2377 339 2452 bus
370 2381 769 2458 stiliconis.
802 2386 1109 2458 Tirones
1138 2399 1393 2458 autem
1428 2379 1810 2483 adpellant
1850 2373 2220 2462 humiles,

200 2497 457 2596 quales
510 2525 723 2573 nunc
768 2515 989 2590 sunt,
1052 2504 1197 2602 qui
1236 2500 1543 2574 Triballi
1590 2513 1958 2574 vocantur
2008 2492 2226 2592 (quo

202 2615 515 2688 nomine
545 2621 793 2691 Bessos
822 2619 1183 2692 Arrianus
1203 2619 1285 2691 in
1323 2619 1451 2708 iis,
1470 2618 1665 2716 *quae
1689 2615 1782 2688 de
1805 2608 2226 2685 Alexandro

204 2733 532 2832 scripsit,
558 2732 1019 2833 adpellavit).
1041 2737 1338 2810 Etenim
1361 2734 1594 2808 solam
1622 2745 1932 2832 propter
1954 2739 2227 2826 egesta·-

210 2858 357 2940 tem
380 2899 403 2936 ,
438 2850 578 2947 qui
602 2851 884 2924 tirones
906 2868 1313 2944 vocantur,
1348 2876 1521 2925 vere
1550 2842 2052 2922 militantibus
2078 2863 2226 2914 ser-

206 2963 475 3055 viunt3
522 2990 773 3066 neque
803 2993 981 3041 vero
1016 2968 1293 3043 milites
1343 2977 1490 3060 jam
1527 2963 1953 3067 adpellaudi
1996 2972 2178 3033 sunt
2205 3009 2229 3048 ,

206 3095 341 3152 aut
399 3083 719 3155 omnino
777 3081 1033 3183 aliquo
1090 3086 1171 3156 in
1226 3110 1548 3160 numero
1599 3078 1937 3182 ponendi
1969 3131 1992 3170 ‚
2057 3091 2228 3149 tum

211 3213 523 3297 propter
573 3196 895 3274 fortunae
937 3199 1444 3274 humilitatem
1470 3255 1491 3292 ,
1547 3214 1714 3272 tum
1749 3209 2058 3295 propter
2089 3215 2230 3290 pu-

212 3315 499 3413 gnandi
522 3317 918 3400 inscitiam.
939 3320 1197 3416 Neque
1224 3297 1429 3393 enim
1456 3339 1600 3416 pro
1625 3313 1866 3413 patria
1895 3329 2236 3410 pugnare

216 3433 575 3532 cuiquam
612 3433 916 3526 licebat,
968 3435 1119 3506 nisi
1153 3433 1471 3507 honesto
1506 3453 1777 3532 genere
1819 3441 2017 3499 nato.
2060 3423 2234 3495 Dio-

216 3547 451 3622 dorus
478 3549 825 3649 quidem,
860 3551 943 3624 in
971 3547 1167 3625 libm
1200 3547 1532 3624 secundo
1559 3543 2028 3620 Bibliothecae
2043 3595 2066 3632 ‚
2087 3540 2195 3612 ait
2213 3591 2242 3629 a

300 3775 375 3855 5)
414 3779 583 3859 Lego
612 3781 1031 3860 προσηγόρευσε.

200 3877 373 3960 0)
409 3873 558 3937 God.
583 3876 815 3936 δίδωσω.
856 3877 927 3957 7)
946 3877 1113 3956 Lego
1134 3899 1214 3936 τε.
1274 3874 1345 3948 8)
1368 3871 1596 3935 Eadem
1610 3889 1738 3932 vox
1757 3868 2026 3932 occurrit
2054 3885 2110 3941 1,
2143 3865 2244 3960 37,

300 3973 384 4053 9)
420 3971 623 4034 Iocus
665 3968 925 4031 Diodori
958 3979 1049 4034 est
1082 3970 1153 4032 in
1192 3969 1353 4034 libro
1394 3967 1630 4064 primm
1675 3964 1750 4028 de
1787 3964 2007 4032 Solone
2039 3969 2248 4034 antem

238 4067 457 4142 nulla‘
436 4089 507 4135 m
528 4087 601 4134 eu
621 4065 877 4136 mentio.
