3050 5017
569 892 706 963 DE
755 892 1648 969 MAGISTRATIBUS.

316 1102 1197 1205 REIPUBLICAE
1252 1106 1918 1205 ROMANAE

904 1340 1221 1415 LIBER
1264 1344 1329 1415 1.

114 1570 585 1703 Semnum
611 1618 707 1702 de
732 1619 1296 1720 magistratibus
1314 1622 1748 1722 reipublicae
1763 1630 2144 1722 Romana,

114 1764 148 1810 a
172 1741 679 1815 vetustissimo
714 1740 1065 1813 omnium
1092 1752 1169 1811 et
1200 1736 1784 1815 honoratissimo
1825 1745 2140 1823 initium

114 1862 311 1958 operi
362 1856 541 1939 dare
562 1910 587 1945 ,
652 1854 975 1955 dignum
1028 1858 1419 1955 proposito
1472 1859 1916 1933 existimavi.
1970 1867 2148 1939 Fuit

114 2002 275 2051 vero
306 1976 439 2051 hic
468 1977 1042 2075 AEnea8‚quem,
1065 1971 1167 2045 ob
1194 1972 1852 2071 pulchritudinem
1873 1982 2148 2053 animi·

115 2119 252 2193 que
284 2108 365 2169 et
388 2092 727 2192 corporis
757 2088 1285 2165 fortitudinem
1310 2144 1331 2183 ‚
1378 2092 1684 2189 majoris
1741 2118 1973 2195 quam
2008 2096 2148 2171 ho·
2203 2120 2208 2125 ·

118 2214 337 2287 minis
384 2210 634 2286 filium
668 2233 827 2283 esse
856 2207 1363 2282 crediderunt.

207 2355 277 2399 2.
333 2330 533 2401 Sunt
568 2328 804 2426 igitur
829 2324 926 2399 ab
954 2324 1207 2398 AEneae
1244 2326 1325 2397 in
1364 2324 1648 2399 Italiam
1687 2326 2020 2403 adventu
2051 2331 2150 2405 ad

116 2449 419 2523 Romam
457 2444 839 2519 conditam
873 2444 1061 2517 anni
1090 2440 1630 2542 quadringenti
1662 2447 1964 2544 triginta
2005 2472 2154 2520 no-

118 2586 270 2635 vem
322 2560 750 2639 secundum
791 2563 1151 2635 Catonem
1197 2560 1557 2656 majorem
1588 2576 1664 2633 et
1693 2566 2102 2638 Varronem
2128 2618 2152 2656 ,

118 2685 487 2758 Romanos
508 2706 533 2771 ς
573 2677 999 2761 seeundum
1018 2702 1195 2751 vero
1214 2674 1658 2751 Africanum
1677 2694 1751 2753 et
1773 2684 2150 2755 Castorem

122 2815 187 2873 et
198 2799 612 2876 Eusebium
632 2797 1121 2898 Pamphilum
1138 2852 1161 2888 ‚
1191 2798 1730 2897 quadringenti
1761 2815 1838 2872 et
1859 2816 2154 2901 septen-

121 2915 384 2994 decim.
404 2914 786 2999 Acondita'
807 2929 1060 2989 autem
1090 2912 1281 2987 urbe
1300 2914 1397 2986 ad
1426 2939 1634 3015 reges
1665 2917 1938 3014 ejectos
1966 2916 2155 2989 anni

122 3032 577 3113 effluxerunt
618 3032 932 3109 ducenti
978 3029 1474 3130 quadraginta
1516 3046 1684 3105 tres.
1733 3032 2156 3107 Consulum

121 3166 367 3225 autem
396 3174 641 3251 usque
672 3148 769 3227 ad
804 3152 1155 3221 Caesarem
1188 3149 1528 3245 primum
1553 3149 1742 3219 anni
1767 3165 1950 3221 nunt
1975 3175 2158 3248 qua·

121 3266 503 3369 dringenti
560 3269 936 3366 sexaginta
990 3266 1339 3363 quinque
1366 3317 1387 3351 ‚
1464 3262 1584 3335 vel
1617 3316 1639 3352 ,
1733 3264 2159 3339 seeundum

124 3386 539 3463 nonnullos
561 3441 584 3477 ‚
640 3410 788 3469 sex,
818 3386 879 3458 A
910 3388 1187 3458 Caesare
1217 3404 1395 3456 vero
1426 3380 1523 3455 ad
1573 3384 2162 3465 Constantinum

125 3506 307 3579 anni
342 3504 871 3605 praeterierunt
922 3500 1240 3575 trecenti
1268 3498 1744 3598 septuaginta
1772 3502 2163 3600 quinque3

125 3644 165 3691 a
210 3646 371 3719 quo
418 3618 517 3697 ad
565 3618 930 3700 Anastasii
981 3617 1453 3717 imperatoris
1504 3614 1802 3699 obitum
1847 3616 2168 3691 ducenti

128 3735 397 3834 viginti
440 3752 777 3836 quatuor
824 3760 1003 3807 cum
1056 3758 1183 3807 sex
1239 3731 1628 3817 mensibus
1679 3759 1696 3805 ε
1745 3732 1838 3805 de
1881 3733 2168 3832 quibus

129 3850 467 3925 deductis
506 3852 1035 3927 novem-annis
1053 3905 1075 3941 ,
1128 3874 1321 3953 quos
1352 3852 1435 3930 in
1464 3853 1668 3921 &acra
1714 3846 1904 3921 urbe
1931 3852 2171 3923 Roma

132 3969 672 4047 Constantinus
722 3969 1121 4071 imperavit
1142 4024 1167 4059 ,
1224 3992 1271 4045 a
1317 3964 1624 4045 condita
1673 3963 1907 4047 hacce
1953 3966 2170 4043 beata
