3050 5017
786 444 925 519 238
1232 464 1449 511 nrm
1496 462 1590 509 m:
1635 460 2351 515 MAorsTnAnnus

777 574 939 679 ρῶν,
970 574 1120 671 μηδὲ
1152 576 1254 645 τὸν
1278 576 1522 645 Παῦλον
1545 578 1743 669 ἀρκεῖν
1767 576 1916 669 πρὸς
1949 574 2272 661 ἀπόδοσιν,
2303 573 2456 666 μηδὲ
2485 577 2838 656 Ζηνόδοτον

776 700 927 794 πρός
954 698 1219 783 ἔνδοσιν,
1256 694 1362 763 δύο
1394 692 1660 786 χιλιάδας
1701 696 1954 788 χρυσίου
1987 693 2200 763 δέδωκε
2227 696 2434 791 λιτρῶν
2471 698 2636 790 αύτῷ
2659 750 2684 782 ,
2713 702 2832 777 τοὶς

774 820 879 909 μέν
916 816 1107 907 χιλίας
1130 822 1215 905 τῷ
1248 820 1446 907 χρήζῃ
1460 864 1483 897 ,
1504 814 1614 889 τὰς
1633 810 1697 881 δὲ
1711 812 2053 903 λειπομένας
2083 806 2410 906 (τοσαῦται
2431 810 2499 881 δὲ
2519 810 2674 885 ἦσαν
2692 809 2722 907 )
2743 823 2834 907 τῷ

772 935 1001 1026 Παύλῳ
1022 936 1436 1025 χαρισάμενος.

876 1033 1185 1141 49.’;Εγὼ
1234 1044 1299 1113 δὲ
1328 1046 1648 1139 ἀναςρὲφω
1692 1052 1776 1139 τῷ
1809 1040 1972 1137 λόγῳ
2003 1043 2155 1137 πρὸς
2207 1046 2496 1139 Μαρῖνον.
2535 1031 2836 1115 Εκλαὸὼν

773 1168 965 1238 τοίνυν
1008 1165 1201 1257 Σύρος
1234 1168 1381 1257 ἀνὴρ
1428 1163 1528 1229 καὶ
1575 1164 1830 1256 πονηρὸς
1866 1164 1948 1239 ὡς
1983 1162 2231 1238 ἐπιεικὴς
2271 1162 2410 1238 τοὺς
2457 1167 2679 1258 φόρους
2691 1215 2716 1248 ,
2751 1166 2834 1233 τὰ

772 1286 879 1377 μὲν
908 1284 1294 1377 βουλευτήρια
1328 1289 1533 1351 πασῶν
1557 1280 1856 1377 παρέλυσε
1873 1288 1992 1349 τῶν
2016 1281 2276 1365 πόλεων,
2306 1284 2667 1372 ἀπεμπολῶν
2687 1282 2832 1359 τοὺς

772 1401 1068 1478 ὁπηκόους
1095 1398 1300 1484 παντὶ,
1330 1402 1411 1475 ὡς
1436 1404 1636 1489 ἔτυχεν
1649 1450 1672 1484 ,
1709 1400 1762 1465 εἰ
1789 1401 1970 1493 μόνον
1991 1398 2152 1489 αὐτῷ
2174 1400 2240 1467 τὸ
2263 1398 2436 1467 πλέον
2463 1398 2828 1490 ὑπόσχοιτο,

774 1520 873 1587 καὶ
927 1517 1057 1587 ἀντὶ
1102 1526 1217 1585 τῶν
1264 1519 1538 1585 ἀνέκαθεν
1601 1524 1958 1611 ςηριζόντων
1995 1519 2070 1585 τὰ
2119 1522 2442 1611 πράγματα
2489 1516 2832 1605 βουλεντῶν

775 1639 1199 1730 προχειριζεται
1226 1634 1365 1712 τοὺς
1404 1636 1756 1727 λεγομένους
1785 1632 2046 1721 βίνδικας
2081 1614 2360 1722 (Ῐταλοῖς
2383 1628 2446 1697 ¹)
2497 1636 2646 1702 θεὸν
2673 1639 2830 1703 ἀπο-

776 1754 1045 1839 καλεῖν),
1088 1752 1144 1819 οἳ
1176 1752 1608 1845 παραλαὸόντες
1640 1752 1780 1828 τοὺς
1816 1752 2100 1829 συντελεῖς
2117 1804 2138 1835 ,
2189 1748 2357 1819 οὐδὲν
2398 1752 2694 1842 πολεμίων
2717 1748 2832 1824 ›30-

780 1894 885 1936 σον
913 1870 1018 1945 τὰς
1046 1870 1245 1945 πόλεις
1269 1868 1556 1946 διέθηκαν.
1590 1869 1715 1937 Καὶ
1741 1870 1954 1961 γίνεται
1983 1868 2090 1959 μὲν
2117 1868 2538 1961 πολύχρυσος,
2555 1871 2716 1961 εἴπερ
2743 1894 2831 1945 τις

778 1986 991 2069 ἄλλος,
1020 1988 1051 2053 ὁ
1078 1984 1354 2073 βασιλεὺς
1366 2038 1391 2071 ,
1420 1987 1517 2053 καὶ
1539 1984 1670 2078 μετ’
1693 1988 1870 2055 αὐτὸν
1902 1988 1934 2054 ὁ
1963 1988 2232 2081 Μαρῖνος
2244 2037 2268 2071 ,
2293 1986 2391 2053 καὶ
2419 1991 2547 2054 ὅσοι
2569 1990 2835 2081 Μαρόοι

779 2106 936 2181 ὄντες
967 2094 1052 2163 2)·
1074 2103 1302 2179 ἁπλῶς·
1339 2104 1562 2199 ἀπορία
1607 2102 1674 2171 δὲ
1711 2105 2000 2201 παντελὴς
2053 2104 2150 2169 καὶ
2191 2102 2390 2178 πενίας
2421 2101 2612 2189 βάθος
2651 2107 2836 2171 κατέ-

776 2247 870 2291 πιε
901 2224 978 2289 τοὶ
1011 2225 1329 2315 πράγματα
1352 2212 1449 2306 5),
1488 2222 1554 2289 τό
1583 2222 1786 2293 λοιπὸν
1805 2234 1913 2297 τῆς
1951 2220 2348 2313 ε’παρχότητος
2379 2225 2584 2314 τρόπῳ
2618 2248 2838 2312 χαμαι-

778 2339 959 2419 ζήλου
989 2336 1241 2420 δικαςοῦ
1264 2342 1469 2427 μόναις
1493 2320 1620 2415 ταῖς
1647 2329 1957 2415 ἰδιωτικαῖς
1977 2335 2358 2413 διαδικασίαις
2387 2340 2830 2427 σχολαζούσης.

778 2444 1013 2549 Ηυθρία
1068 2453 1132 2521 δὲ
1182 2462 1345 2545 ὅμως
1403 2458 1436 2522 ὁ
1488 2460 1758 2550 Μαρῖνος
1775 2509 1798 2542 ,
1843 2457 1940 2524 καὶ
1992 2461 2096 2530 τὴν
2148 2461 2333 2552 ἀρχὴν
2372 2455 2560 2535 ἐδόκει
2612 2470 2788 2549 τιμᾷν
2813 2510 2836 2543 ,

779 2577 951 2665 τέχνη
995 2572 1094 2642 τὸν
1130 2574 1341 2667 φθόνον
1384 2574 1824 2663 ἀπωθούμενος.
1869 2551 2095 2659 Ενθεν,
2143 2584 2258 2642 τῶν
2307 2574 2602 2665 δημοσίων
2637 2582 2842 2669 ὥσπερ

782 2688 881 2784 υφ’
906 2688 1137 2784 ἑτέρους
1171 2690 1528 2771 τελούντων,
1573 2690 1670 2757 καὶ
1695 2695 1777 2780 μὴ
1813 2716 1968 2758 κατα
1996 2686 2158 2768 τάξιν
2195 2695 2638 2783 πραττομένων,
2673 2692 2841 2761 υπώ-

780 2808 969 2876 λισθεν
1016 2810 1053 2879 ἡ
1094 2804 1255 2885 τάξις
1298 2806 1395 2873 καὶ
1428 2804 1626 2881 πενίας
1679 2808 1972 2899 ἐνήρχετο·
2014 2807 2077 2873 τί
2107 2809 2222 2900 γὰρ
2255 2811 2600 2903 περιεγίνετο
2637 2808 2790 2901 αὐτῇ
2813 2862 2838 2894 ,

782 2928 989 3015 μόναις
1015 2929 1142 2998 ταῖς
1182 2918 1365 3003 δίκαις
1391 2929 1505 2990 τῶν
1538 2919 1780 2991 ἰδιωτῶν
1813 2918 2346 3017 έξυπηρετουμένῃς

888 3036 1009 3109 50.
1062 3042 1275 3115 Οὕτως
1302 3030 1407 3105 οὖν
1427 3046 1544 3107 τῶν
1576 3046 1934 3133 πραγμάτων
1961 3038 2074 3109 ὑπὸ
2109 3049 2194 3135 τῷ
2217 3044 2469 3135 Μαρίνῳ
2499 3046 2840 3126 πεσόντων,

785 3154 1037 3223 συνεῖδεν
1077 3156 1123 3233 ὁζ
1142 3154 1421 3243 βασιλεὺς
1468 3156 1640 3252 ἑτέρα
1695 3168 1832 3247 τιμῇ
1863 3161 1982 3231 Ιτὴν
2025 3160 2258 3247 ἀτιμίαν
2301 3162 2842 3254 παραμυθήσασθαι

782 3282 887 3347 τῆς
927 3275 1136 3365 ἀρχῆς.
1195 3276 1332 3341 Τῶν
1385 3280 1531 3365 γοῦν
1584 3273 1886 3342 δικανικῶν
1930 3274 2230 3369 ῥήτόρων
2253 3275 2392 3353 τοὺς
2437 3278 2692 3371 ἀρίςους
2737 3276 2842 3346 ἐπὶ

605 3390 673 3510 Ξ)
699 3392 763 3441 0·
788 3394 889 3483 τὴν
930 3392 1119 3484 ἀρχὴν
1157 3391 1474 3484 προύφερε·
1521 3418 1618 3459 και
1612 3384 1716 3453 ”“)
1748 3416 1889 3461 ποτε
1920 3392 2134 3485 πρὸς.
2107 3404 2214 3469 τῆς
2245 3404 2500 3513 γαμετῆς
2535 3376 2842 3487 Ᾱριάδνης

676 3472 797 3527 ⁷7⁰
786 3508 1157 3599 όχλούμενος
1174 3555 1193 3589 ,
1246 3488 1513 3597 Ᾰνθεμίῳ
1568 3516 1652 3600 τῷ
1704 3496 1994 3600 Ᾱνθεμίου
2006 3562 2031 3595 ,
2087 3514 2195 3579 τοῦ
2233 3514 2452 3601 Ρώμης
2489 3510 2840 3599 βεὸασιλευ-

784 3630 989 3711 κότος,
1044 3623 1203 3695 παιδὶ
1250 3628 1354 3723 τὴν
1403 3628 1590 3719 ἀρχὴν
1636 3628 1985 3722 ἐγχειρίσαι,
2041 3632 2472 3721 ἠγανάκτησεν,
2517 3632 2696 3700 εἰπὼν
2705 3628 2838 3717 δὲ,

784 3738 1031 3833 μηδενὸς
1082 3742 1119 3814 ἢ
1160 3746 1351 3831 μόνων
1392 3744 1640 3835 λογικῶν
1682 3742 1848 3823 ἀξίαν
1883 3746 2024 3815 εἶναι
2067 3751 2171 3821 τὴν
2215 3749 2606 3843 ἐπαρχότητα.
2641 3726 2837 3821 ὁπως

874 3905 945 3999 1)
984 3909 1157 3967 Patet
1192 3909 1427 3989 aliquid
1468 3910 1780 3973 excidisse.
1841 3915 1917 3990 2)
1954 3912 2103 3975 cod.
2090 3920 2471 3997 .μαρινιὸντες.
2530 3916 2610 3989 3)
2648 3909 2840 3973 Conf-

790 4024 867 4066 ιιι
884 4048 900 4085 ,
930 4026 1006 4085 9,
1055 4009 1162 4087 14,
1198 4007 1276 4069 66
1304 4054 1320 4089 ,
1349 4016 1696 4091 πραγμάτων.
