3050 5017
779 420 868 499 lx
1235 512 1240 521 .
1413 438 2167 493 conunu‘rAmus

783 601 960 665 runt
985 642 1016 679 ,
1079 589 1360 661 invenit
1411 618 1434 653 .·
1485 590 1707 685 cujus
1766 592 1847 661 in
1909 586 2263 661 Arcadia
2308 608 2454 657 non
2504 582 2716 679 longe
2756 604 2802 653 a

783 728 1028 813 Lusio
1067 725 1392 820 flumine
1439 725 1861 819 sepulcrum
1892 775 1923 812 ,
1976 735 2051 795 et
2104 724 2317 795 tuom
2372 720 2801 793 ostenditur.

784 856 1052 933 Verba
1081 868 1367 947 autem,
1401 857 1667 951 δεύτερος
1702 860 1881 953 ὁρίοις
1914 858 2129 951 ἐτάφη,
2168 852 2467 950 comple
2496 852 2607 925 sic
2640 878 2659 921 :
2687 842 2805 927 EN

783 982 981 1067 Toiz
1009 975 1669 1073 ΚΥΝοΣοῨΡΙΔοΣ
1692 996 1871 1091 ὁρίοις
1889 990 2095 1086 ἐτάφη.
2120 966 2611 1065 Ὲ1.01εωοιιε
2638 986 2805 1063 1000

781 1126 908 1203 cit.
935 1148 1098 1223 pag.
1131 1120 1226 1201 26
1254 1120 1390 1197 lin.
1415 1123 1507 1197 8:

1051 1327 1178 1392 Ζεὺς
1196 1325 1302 1404 ’γὰρ
1325 1368 1341 1400 ,
1371 1326 1638 1392 κατακτὰς
1657 1325 1823 1384 παῖδα
1852 1325 1944 1383 τὸν
1976 1324 2100 1403 ἐμὸν
2120 1370 2136 1400 ,
2165 1324 2331 1393 αἴτιος
2352 1370 2375 1403 ,

1064 1427 1391 1512 Ᾰσκληπών,
1421 1441 1683 1518 ςὲρνοισιν
1706 1438 1945 1517 &pedem
1964 1440 2153 1517 φλόγα.

889 1616 1090 1700 Οὗτος
1138 1622 1243 1712 μὲν
1294 1614 1399 1691 οὖν
1443 1627 1623 1693 κεῖται
1664 1623 2056 1716 κεραύνωὲεἰς
2098 1621 2159 1689 ἓν
2200 1624 2321 1697 τοῖς
2364 1615 2807 1713 Κυνοσούριδος

787 1758 988 1852 ὁρίοις.
1030 1751 1384 1835 Sustineo
1411 1777 1535 1825 me
1568 1751 1719 1827 hoe
1742 1752 1951 1847 loce,
1996 1751 2419 1851 mendaque
2454 1751 2809 1847 deinceps

785 1886 1220 1987 sequentia,
1279 1900 1658 1984 quotquot
1686 1868 1864 1961 sunt
1893 1942 1916 1979 2
1976 1912 2134 1962 non
2187 1914 2566 1992 exequar:
2602 1886 2815 1987 quod,

785 2023 966 2100 satis
1021 2021 1620 2097 demonstratum
1676 2048 1834 2098 esse
1889 2026 2215 2101 arbitror
2242 2082 2267 2113 ‚
2344 2022 2437 2099 ad
2496 2048 2810 2122 perpur-

785 2156 1118 2260 gandum
1145 2210 1164 2246 ,
1201 2180 1438 2253 prope
1473 2156 1719 2232 dicam
1742 2215 1761 2248 ,
1796 2156 1887 2233 sd
1918 2156 2317 2262 legendum
2345 2156 2695 2233 libellum
2720 2154 2816 2231 de

786 2291 1188 2375 Mensibus
1210 2312 1402 2383 opus
1430 2315 1589 2365 esse
1611 2292 1939 2369 aliorum
1957 2302 2355 2373 auctorum
2380 2290 2817 2369 collatione:

763 2438 968 2505 ‘cum
1003 2419 1559 2517 antiquiorum,
1612 2452 1807 2523 quos
1846 2426 2247 2524 exscripsit
2286 2424 2557 2527 Lydus
2596 2452 2613 2497 ε
2650 2436 2823 2503 tum

791 2558 1338 2652 recentiorum,
1377 2560 1512 2655 qui
1542 2585 1633 2634 eo
1664 2584 1761 2635 ex
1794 2560 1995 2634 libro
2031 2557 2487 2654 hauserunt,
2522 2558 2823 2656 Suidae,

792 2694 1155 2807 Eudooiae
1211 2694 1616 2793 Augustae,
1671 2693 1991 2787 codini,
2044 2694 2635 2774 Scholiastarum
2678 2694 2823 2768 ati-

795 2843 989 2931 quot
1011 2886 1033 2925 ,
1087 2823 1503 2939 glossarum
1543 2828 1873 2927 denique
1900 2828 2172 2905 Lexici
2199 2828 2594 2928 Csnginni,
2630 2854 2827 2927 qua-

797 2974 1028 3039 tenus
1053 2960 1211 3037 huc
1233 2963 1656 3061 pertinent,
1702 2988 1801 3037 ex
1830 2962 2123 3061 integro
2157 2988 2383 3060 opere
2406 2960 2501 3036 de
2530 2963 2829 3037 Mensi-

797 3096 947 3172 bus
991 3094 1120 3169 vel
1159 3120 1258 3168 ex
1292 3094 1647 3193 epitomis
1683 3093 2045 3169 delibatae·
2086 3094 2441 3187 Quorum
2474 3095 2833 3171 omnium

801 3227 1458 3326 investigationem
1499 3228 1562 3302 si
1592 3226 1718 3300 vel
1756 3226 2163 3341 Schovjvius
2190 3227 2671 3325 suscepisset,
2706 3228 2839 3305 vel

807 3360 1165 3455 Beckius,
1188 3359 1396 3433 haud
1419 3372 1579 3434 erat
1598 3388 1796 3451 sane,
1824 3348 2033 3457 quod
2054 3359 2458 3459 quisquam
2482 3360 2839 3439 meliores

811 3493 1257 3590 interpretes
1278 3483 1696 3587 requireret
1729 3517 1744 3563 ε
1774 3488 1901 3563 sed
1938 3488 2217 3565 horum
2242 3490 2563 3566 alterum
2592 3490 2842 3569 officia

811 3626 1015 3725 regia
1041 3620 1631 3722 impediverunt,
1653 3622 1972 3697 alterum
1995 3621 2242 3699 studia
2256 3622 2581 3715 diversa,
2600 3650 2843 3725 eaque

817 3758 1134 3836 clariora
1183 3788 1198 3826 ε
1250 3762 1419 3857 quae
1452 3753 1639 3829 adeo
1673 3767 1937 3848 ornat,
2008 3768 2095 3829 ut
2128 3756 2349 3855 plane
2385 3784 2541 3833 non
2576 3756 2845 3835 fuisset

819 3888 1254 4005 probandus
1279 3946 1300 3981 ,
1355 3890 1421 3964 si
1448 3886 1839 3997 ingenium
1872 3945 1894 3985 ,
1942 3914 2099 4003 quo
2136 3900 2478 3967 auctores
2516 3892 2846 3979 illustrat
