3050 5017
428 494 986 563 maruntium
1039 513 1439 563 nonum
1490 514 1648 567 mn.
1701 516 1824 569 111.
1993 494 2138 573 225

120 620 435 695 modum
491 626 913 699 adolescens
968 629 1391 727 capessivit,
1446 632 1678 728 patris
1736 630 1894 731 lege
1914 688 1935 723 ,
1985 660 2146 733 quo

120 740 383 813 minus
410 759 669 816 contra
704 744 951 817 hostes
978 746 1118 815 iret
1138 799 1159 834 ,
1188 745 1638 843 impeditus,
1669 749 2147 849 generalique

118 856 275 959 lege
294 862 379 931 in
400 860 685 935 bellum
700 861 1072 962 proficisci
1088 862 1453 963 prohibiti
1467 884 1650 939 sunt
1669 870 2151 966 imperatores

120 980 477 1069 Romani;
504 994 593 1051 ut
626 1004 919 1052 necesse
950 995 1138 1069 erat,
1174 1004 1339 1077 quae
1368 978 1461 1051 ad
1493 980 1689 1053 bella
1723 984 2147 1081 pertinent,

120 1092 407 1165 ducum
421 1150 441 1182 ‚
457 1120 623 1192 quae
635 1095 726 1166 ad
742 1094 1103 1194 palatium
1120 1150 1139 1183 ‚
1156 1096 1484 1193 magistri
1496 1098 1882 1196 provincia
1900 1098 2109 1172 fuere
2129 1130 2146 1171 ε

122 1226 205 1282 ut
234 1209 438 1281 nihil
472 1210 680 1282 aliud
715 1209 1148 1309 praefectura
1185 1212 1487 1303 habeat,
1519 1214 1666 1285 nisi
1691 1214 1921 1287 solam
1950 1240 2150 1288 sum·

120 1342 345 1398 tuum
388 1327 1148 1418 administrationem,
1178 1330 1347 1425 qui,
1378 1344 1465 1401 ut
1490 1331 1972 1429 perspicuum
2007 1346 2152 1420 est,

118 1468 293 1515 cum
322 1447 407 1514 in
438 1443 692 1517 obvias
722 1446 1218 1533 necessitates,
1246 1458 1410 1515 tum
1448 1444 1530 1514 in
1563 1446 2032 1544 magistratus
2063 1472 2154 1519 ex

124 1560 243 1633 illa
265 1616 288 1651 ‚
310 1552 419 1633 'ut
472 1560 671 1651 dixi,
715 1574 958 1650 ortos,
1004 1559 1339 1657 adeoque
1392 1562 1474 1632 in
1524 1584 1692 1652 eOS,
1735 1562 2018 1661 quibus
2069 1564 2153 1635 hi

125 1678 451 1779 praefecti
476 1692 693 1768 sunt,
726 1675 1303 1775 impenduntur.
1973 1696 1982 1705 ·

226 1801 351 1883 [μ.
376 1794 603 1886 Quod
618 1798 682 1867 si
700 1796 872 1893 quis
883 1808 959 1865 et
977 1795 1441 1890 conjecturas
1456 1818 1497 1897 e
1516 1794 2154 1894 praedictionibus,

124 1938 289 2011 quae
322 1914 623 1985 oracula
660 1937 702 1983 a
746 1912 1143 1985 nonnullis
1193 1927 1597 2004 vocantur,
1639 1912 2022 1985 rationum
2071 1914 2153 1985 iu

124 2054 451 2101 numero
491 2029 765 2102 habere
813 2055 970 2102 non
1014 2039 1303 2101 recuset
1343 2054 1361 2100 z
1400 2030 1686 2102 exitum
1735 2026 2066 2098 habuere
2111 2052 2156 2097 a

124 2146 435 2216 Fonteio
459 2199 479 2232 ‚
502 2148 879 2235 RomanO,
906 2142 1293 2243 quondam
1330 2142 1548 2215 dicta.
1594 2146 1718 2215 Ait
1748 2144 1951 2213 enim
1991 2141 2155 2231 ille,

126 2274 192 2332 et
227 2284 494 2333 versus
530 2260 932 2359 quosdam,
981 2259 1305 2332 Romulo
1352 2257 1632 2331 scilicet
1670 2257 1853 2329 olim
1901 2254 2156 2346 datos,

126 2380 369 2476 patrio
414 2402 759 2449 sermone
798 2374 1021 2448 refert
1040 2430 1059 2465 ‚
1110 2390 1361 2474 aperte
1409 2373 1930 2473 praedicentes,
1985 2388 2154 2445 tum

127 2500 496 2569 Romanos
526 2494 909 2568 fortunam
943 2494 1463 2567 derelicturam
1480 2548 1502 2584 ,
1527 2517 1703 2565 eum
1729 2494 1875 2590 ipsi
1901 2494 2154 2590 patrioe
2185 2572 2190 2579 ,
2249 2529 2256 2537 ·

127 2612 403 2711 linguae
422 2612 639 2685 obliti
660 2610 1015 2684 fuissent:
1036 2609 1246 2709 quod
1272 2608 1662 2683 oraculum
1687 2608 1716 2707 (
1729 2622 1818 2679 ut
1837 2608 2152 2706 vocant)

132 2744 384 2801 nostro
418 2728 513 2801 de
544 2726 929 2802 Mensibus
956 2726 1306 2799 tractatui
1335 2727 1812 2800 inseruimus.
1851 2726 2152 2796 Exitum

128 2864 297 2918 vero
334 2848 607 2944 utique
646 2846 799 2917 haec
824 2846 1175 2916 vaticinia
1220 2840 1570 2914 habuere.
1617 2842 1920 2938 Quippe
1955 2856 2149 2941 post·

127 2986 353 3059 quam
396 2964 637 3053 Cyrus
667 2958 1015 3059 quidam,
1046 2942 1433 3057 AEgyptius
1453 3012 1473 3047 ‚
1501 2948 1730 3054 quem
1761 2955 1860 3026 ob
1889 2958 2151 3054 poesin
2182 2982 2188 2991 ·

128 3080 543 3151 etiamnum
555 3076 1051 3163 admirantur,
1065 3060 1499 3173 praefectura
1514 3072 1729 3144 urbis
1741 3086 1814 3144 et
1827 3074 2153 3171 praetorii

130 3194 353 3267 simul
410 3192 771 3294 fungens,
828 3212 1079 3291 neque
1134 3189 1343 3263 aliud
1408 3188 1828 3288 quidquam
1889 3205 2156 3286 praeter

130 3316 385 3407 poesin
412 3316 686 3405 sciens,
719 3324 1043 3384 veterem
1072 3306 1700 3383 consuetudinem
1735 3306 2152 3405 transgredi

132 3450 351 3501 ausus
404 3446 512 3503 est
532 3483 552 3519 ,
610 3428 1053 3526 decretaque
1107 3428 1358 3497 Graeco
1395 3446 1741 3497 sermone
1791 3423 2151 3522 protulit;

133 3566 299 3618 cum
316 3552 651 3620 Romana
667 3546 930 3644 lingua
946 3543 1329 3617 fortunam
1354 3566 1662 3641 quoque
1681 3544 2152 3641 magistratus

134 3664 396 3736 amisit.
424 3666 689 3761 Legem
728 3660 937 3736 mim
972 3658 1509 3759 autographam
1543 3655 1734 3730 ferre
1759 3680 2153 3755 persuasus

207 3836 283 3913 ὃ)
324 3840 582 3899 ἀπὲὅαλιν
604 3834 807 3897 addidi
830 3855 865 3895 e
888 3854 971 3913 11,
1013 3851 1104 3897 12.

211 3936 277 4012 7)
316 3932 464 3994 Cod.
493 3940 847 4015 αὺτιγάρφειν.

212 4028 283 4103 8)
323 4032 485 4112 Lego
517 4036 729 4111 φόρους.
1426 4060 1469 4157 N

1776 4142 1872 4215 ²9
