3050 5017
1848 417 2188 533 lxxxvij

164 640 422 725 aliam
458 637 572 722 ob
602 663 953 724 causam
983 626 1366 736 notanda
1401 623 1902 714 arbitrabar.
1946 623 2197 712 Cete-

165 829 370 888 rum
412 797 700 887 versio
745 826 849 882 eo
907 792 1178 908 magis
1227 787 1626 876 addenda
1675 785 2195 896 videbatur,

171 961 415 1077 quod
481 991 676 1078 quae
734 958 962 1045 lectu
1019 954 1278 1070 digna
1333 951 1859 1068 opusculum
1916 954 2201 1039 conti-

171 1140 423 1210 neret
449 1189 474 1231 ,
556 1121 666 1208 ad
702 1150 848 1206 eos
895 1117 1445 1234 potissimum
1484 1115 1919 1230 pertinere
1956 1146 2205 1230 aper-

177 1299 367 1368 tum
413 1295 646 1385 erat,
707 1279 952 1394 queis
991 1278 1266 1380 rarius
1305 1306 1535 1363 curae
1568 1292 1695 1362 est
1730 1305 2211 1389 graecarum

175 1440 628 1526 literarum
681 1437 1090 1524 studium.
1153 1433 1492 1528 Eadem
1529 1455 1630 1526 ut
1657 1437 1882 1546 fida‘,
1938 1439 2214 1554 magis
2290 1428 2301 1438 ’

181 1629 448 1714 quam
508 1614 608 1685 ut
649 1599 992 1712 elegans
1045 1616 1319 1707 esset,
1385 1631 1744 1716 operam
1794 1601 2049 1708 dedi,
2124 1617 2213 1686 et

183 1765 278 1848 in
343 1762 723 1876 legendis
774 1763 1066 1851 verbis
1094 1829 1123 1868 ,
1197 1790 1402 1848 cum
1459 1774 1933 1874 utrumque
1991 1789 2216 1874 prae-

185 1945 408 2012 stare
428 1956 610 2011 non
634 1956 1013 2040 possem,
1037 1922 1632 2039 perspicuitati
1655 1921 1926 2009 malui
1948 1951 2215 2038 quam

187 2088 588 2176 dictionis
641 2088 1002 2174 castitati
1063 2083 1541 2172 consulere.

303 2421 704 2534 Exposui
738 2420 1128 2507 breviter
1148 2484 1177 2525 ‚
1241 2451 1438 2535 quae
1470 2420 1788 2508 laboris
1830 2451 2048 2507 meae
2084 2453 2225 2509 ra·-

195 2581 314 2666 tio
361 2579 675 2685 fuerit,
753 2578 1243 2696 quibusque
1301 2583 1410 2668 de
1459 2582 1723 2696 Lydo
1783 2586 2007 2671 bene
2048 2617 2229 2672 me·

197 2744 370 2830 reri
415 2740 926 2828 studuerim.
950 2867 954 2872 .
981 2743 1417 2857 Equidem
1445 2745 1977 2861 diligentiam
2008 2746 2229 2834 mihi

201 2939 382 2994 non
421 2905 794 2994 defuisse
839 2907 1016 2993 scio
1059 2939 1080 2994 ε
1120 2937 1291 3023 qua
1339 2939 1454 2995 an
1501 2889 1791 3027 operae
1841 2911 2229 3026 pretium

197 3067 560 3169 fecerim
591 3135 620 3174 ,
703 3067 1074 3156 aliorum
1129 3067 1298 3154 fuit
1370 3068 1760 3183 judicare
1785 3137 1814 3176 ,
1913 3051 2231 3186 quibus

200 3235 593 3322 laborem
641 3263 941 3320 meum
991 3229 1323 3347 publici
1371 3231 1591 3340 juris
1640 3229 1834 3316 fieri
1882 3233 2229 3344 placuit.

319 3555 823 3645 Scribebam
869 3514 1239 3642 Lutetiae
1263 3615 1291 3654 ‚
1357 3549 1647 3636 Nonis
1698 3547 1955 3658 Iulii,
2004 3579 2233 3636 anno

211 3743 636 3800 uncccxn

1043 3943 1436 3966 m
