3050 5017
391 451 963 502 annuntient
1012 453 1415 502 ROMANAE
1463 455 1624 504 1018.
1677 455 1804 504 111.
1991 451 2124 502 211

210 559 323 650 34.
373 567 761 638 Persarum
804 561 1143 662 populus
1194 564 1278 635 in
1324 567 1804 654 universum,
1856 587 1944 636 ac
1983 577 2136 636 tota

112 678 419 753 omnino
448 678 656 752 natio
679 680 770 752 in
802 675 1091 752 bellum
1116 679 1227 750 ire
1260 681 1651 754 consuevit
1670 735 1692 770 ,
1723 681 1950 754 sicuti
1995 682 2138 752 Ro·

120 794 308 866 mani
328 818 641 894 quoque
658 847 681 885 ,
716 794 1045 868 necdum
1070 819 1113 867 a
1134 797 1409 887 Mario,
1438 821 1632 895 quas
1659 795 1990 897 legiones
2014 819 2138 868 vo·

116 924 275 982 cant
292 964 316 1001 ,
358 913 813 988 constitutis.
877 914 1035 1004 Qui
1100 937 1275 988 cum
1340 913 1732 988 hominem
1788 911 2136 988 bifariam

111 1024 415 1100 divisere
434 1079 459 1116 ,
500 1051 642 1127 per
674 1027 1027 1102 medium.
1046 1027 1375 1108 duarum
1410 1032 1750 1130 corporis
1801 1031 2136 1130 partium

109 1143 511 1219 exercitum
544 1143 863 1220 ducunt.
897 1149 1105 1219 Patet
1142 1148 1353 1220 enim
1379 1201 1403 1238 ,
1456 1135 1710 1246 neque
1741 1161 1976 1222 certas
2007 1171 2140 1218 ne-

112 1283 251 1357 que
280 1260 665 1362 expeditas
692 1263 943 1362 copias
968 1265 1373 1338 sustentari
1404 1288 1449 1338 a
1479 1265 1717 1338 Persis
1731 1317 1754 1354 ,
1797 1265 2014 1364 queis
2040 1260 2138 1336 ad

112 1400 419 1476 pugnas,
434 1381 659 1480 sicuti
674 1381 1023 1470 Romani,
1042 1383 1283 1480 parati
1296 1381 1475 1456 sint.
1496 1386 1862 1482 Tempore
1885 1382 2140 1481 itaque

114 1497 197 1570 iis
226 1521 423 1598 opus
468 1514 577 1572 est
606 1499 701 1572 ad
736 1503 1151 1574 exereitum
1194 1515 1273 1574 et
1302 1515 1648 1576 sumtum
1684 1500 1886 1576 bello
1931 1498 2140 1574 suffi-

112 1615 427 1689 cientem
455 1615 877 1716 parandos:
920 1641 1155 1717 quare
1200 1641 1632 1716 congruum
1650 1669 1672 1709 ,
1719 1619 1828 1690 ait
1853 1615 2138 1706 Celsus,

112 1727 195 1804 de
226 1731 643 1832 improviso
674 1755 801 1808 eos
828 1732 1131 1833 aggredi
1144 1787 1167 1825 ,
1200 1757 1290 1808 ac
1316 1733 1642 1808 maxime
1682 1759 1822 1834 per
1847 1729 2138 1805 Colchi·

112 1847 269 1918 dem
306 1847 699 1946 (Lazieam
732 1873 898 1925 eam
924 1871 971 1924 a
998 1846 1191 1924 duee
1228 1857 1786 1941 nuncxocant)
1825 1850 2138 1922 initium

112 1963 519 2048 invasionis
548 1963 805 2042 facere.
836 1965 1294 2045 Difficilibus
1318 1969 1612 2069 quippe
1655 1967 1840 2042 locis
1869 1971 2098 2041 Persoe
2119 2017 2142 2054 ,
2249 1993 2267 2014 x

113 2075 401 2182 utpote
426 2085 757 2188 equites,
788 2087 1057 2182 aegrius
1088 2085 1475 2158 incedunt.
1527 2085 1750 2160 Unde
1796 2082 2144 2158 intolera-

110 2197 273 2274 bilis
294 2199 395 2274 iis
415 2197 749 2275 Corbulo
768 2253 793 2292 ‚
818 2201 965 2276 sub
980 2205 1279 2281 Nerone
1296 2255 1319 2293 ,
1343 2202 1552 2276 visus
1575 2217 1688 2276 est
1718 2228 1736 2274 ε
1761 2225 1936 2275 nam
1963 2223 2144 2274 cum

117 2318 589 2392 excursiones
620 2343 887 2394 eorum
917 2346 962 2395 e
986 2320 1305 2395 Persidis
1332 2319 1676 2412 desertis,
1706 2345 1846 2420 per
1873 2324 2146 2411 Hyrca·

116 2435 307 2508 niam
356 2434 897 2510 interclusisset
914 2489 939 2528 ,
980 2439 1371 2512 victoriam
1406 2461 1451 2510 a
1482 2435 1664 2536 fuga.
1687 2437 2017 2535 eripuit:
2055 2447 2146 2507 ut
2279 2514 2286 2520 ,

114 2551 185 2624 in
197 2553 571 2651 angustiis
582 2607 604 2645 ,
618 2535 999 2652 quantum
1016 2555 1101 2626 in
1123 2555 1305 2652 ipsis
1322 2568 1513 2644 erat,
1524 2565 1740 2653 capta
1753 2555 2142 2624 Persarum

116 2667 561 2762 multitudo,
613 2670 697 2742 in
736 2670 973 2748 solam
1010 2669 1491 2744 Antiochiam
1523 2668 1936 2768 Mygdonio
1959 2667 2149 2764 adja-
2194 2739 2202 2750 ,

114 2769 401 2890 centem
454 2788 485 2886 (
516 2785 813 2863 Nisibin
860 2811 1025 2890 eam
1072 2791 1300 2860 Persae
1328 2840 1351 2877 ‚
1398 2799 1804 2886 postquam
1851 2805 2114 2883 cepere
2128 2837 2152 2874 ,

112 2902 631 3010 adpellarunt)
650 2901 1092 3010 confugeret
1106 2932 1129 2996 ;
1148 2927 1381 3005 quam
1398 2917 1477 2976 et
1494 2904 1736 3002 ipsam
1755 2899 2154 2999 reliquere,

112 3021 531 3100 fulminum
570 3026 809 3100 instar
838 3039 1005 3098 tum
1034 3048 1161 3098 eos
1191 3021 1646 3122 urgentibus
1675 3021 2052 3095 Romanis.

210 3140 328 3218 35.
384 3148 543 3216 Hac
578 3143 813 3242 igitur
840 3155 1098 3216 mente
1123 3163 1306 3214 cum
1348 3153 1540 3212 esset
1573 3139 2114 3212 Constantinus
2131 3187 2156 3224 ,

116 3259 707 3360 praefectumque
728 3260 1065 3336 Orientis
1082 3272 1390 3332 creasset
1408 3309 1429 3348 ,
1464 3254 1864 3330 rationales
1887 3254 2002 3326 illi
2025 3254 2156 3326 tri·

113 3378 485 3455 butorum
511 3378 909 3454 constituit
922 3431 947 3470 ,
972 3379 1175 3451 viros
1203 3371 1666 3450 venerabiles
1679 3425 1700 3464 ,
1727 3387 1806 3446 et
1825 3373 1910 3446 in
1939 3373 2164 3444 ratio'·

118 3521 301 3570 num
310 3485 2162 3589 subtilitatibusexercitatos-Privatoitaquehabitu

118 3611 413 3692 utentes
450 3617 533 3688 in
566 3611 861 3713 judicio
886 3614 1236 3706 aderant,
1271 3611 1471 3688 nihil
1506 3610 1719 3686 aliud
1754 3623 2021 3712 praeter
2049 3631 2159 3680 ra·

120 3735 359 3809 tiones
388 3737 475 3806 in
512 3733 869 3810 manibus
892 3733 1291 3826 habentes,
1325 3747 1401 3806 et
1432 3731 1805 3838 seriniarii
1847 3727 1970 3828 (id
2005 3741 2152 3816 est,

194 3932 272 4005 6)
313 3927 602 4003 ἀπέλιπον,
628 3928 714 3987 τὸ.
740 3925 892 3990 Cod-
916 3929 1255 3991 ἀπελίποντο.

195 4027 259 4116 7)
296 4023 458 4086 Cod-
480 4023 822 4104 διαψηφίσας.
