3050 5017
408 459 979 536 nmrusmcu
1028 458 1438 508 nouAmuz
1488 461 1646 508 mn.
1699 461 1824 508 111.
1993 437 2142 540 παρ’

98 570 487 666 Vandalis,
524 575 817 648 nationi
845 574 1299 656 Germanicae
1320 625 1343 662 ‚
1368 554 1536 671 quie
1557 596 1598 643 a
1617 573 2138 671 septentrione

101 691 179 760 in
216 691 617 789 Hispanias
656 715 795 789 per
826 693 1245 788 Pyreneum
1282 703 1622 761 montem
1657 703 2142 788 transgressam!

99 805 423 896 Libyam
453 806 852 895 invaserat,
881 805 1168 878 bellum
1201 803 1476 878 inferre
1499 805 1844 878 decrevit.
1879 809 2140 904 Itaque

100 951 274 998 cum
314 924 573 1016 decem
610 926 847 999 millia
881 927 1189 1024 navium
1216 915 1615 1025 longarum
1633 983 1655 1018 ,
1685 951 1872 1025 quas
1903 925 2142 1000 libur-

100 1065 233 1112 nas
282 1057 594 1132 vocant,
640 1043 1005 1132 exercitu,
1057 1041 1357 1141 qualem
1398 1040 1610 1114 nulla
1656 1057 1824 1114 aetas
1873 1043 2138 1126 mirata

98 1174 203 1232 est
244 1212 265 1247 ,
292 1157 743 1258 ‚implesset,
796 1159 1311 1257 magistratum
1359 1158 1454 1233 ad
1504 1159 1768 1232 incitas
1812 1160 2097 1259 redegit
2117 1216 2138 1250 ,

100 1277 172 1346 in
184 1289 489 1346 tentum
549 1290 1043 1374 coactumque
1101 1277 1674 1375 quadringentis
1731 1277 2138 1350 hominum

102 1389 445 1464 millibus
473 1445 496 1483 ,
570 1407 775 1467 trans
820 1415 1024 1466 mare
1068 1407 1327 1465 contra
1385 1407 1595 1464 terrae
1653 1394 2140 1492 importuosis

104 1507 425 1583 sinubus
464 1505 781 1583 defensae
810 1507 1335 1582 difficultatem
1368 1524 1442 1581 et
1469 1508 1963 1582 barbarorum
1993 1513 2136 1580 mi-

104 1647 267 1694 rum
301 1640 683 1723 quantum
719 1626 1263 1725 opulentorum
1296 1629 1713 1726 potentiam
1743 1627 2136 1699 dimicatu-

104 1742 227 1830 ris,
278 1759 627 1814 sumtum
664 1741 1031 1823 sufficere.
1081 1747 1421 1816 Insumta
1456 1745 1746 1843 quippe
1781 1741 1988 1816 fatali
2025 1743 2140 1816 illi

105 1853 319 1948 bello,
339 1857 685 1932 Basilisco
706 1858 1079 1933 malorum
1104 1859 1323 1949 duce,
1336 1861 1503 1934 auri
1524 1862 1904 1962 sexaginta
1920 1861 2139 1957 quin·

106 1999 241 2072 que
262 2029 284 2068 ,
334 1979 628 2074 argenti
663 1992 913 2051 autem
946 1979 1416 2078 septingenta
1452 1977 1817 2050 librarum
1866 1976 2138 2064 millia,

108 2117 476 2190 equorum
518 2119 695 2165 vero
726 2119 1266 2194 armorumque
1301 2111 1387 2182 ,et
1436 2095 1842 2168 hominum
1883 2109 2140 2166 tantus

106 2235 506 2302 numerus,
528 2227 905 2310 quantum
944 2215 1159 2286 omni
1172 2239 1339 2287 aevo
1370 2214 1738 2286 interiisse
1771 2213 1946 2312 quis
1964 2209 2136 2308 jure

108 2331 497 2427 negaverit.
1861 2311 1872 2331 ¹

198 2452 315 2534 44.
371 2451 464 2518 Et
497 2460 669 2546 post
703 2446 857 2518 haec
884 2430 1140 2520 onmia
1186 2447 1668 2546 naufragium
1707 2449 1940 2521 totius
1984 2449 2136 2518 rei-

108 2565 437 2661 publicae.
466 2567 650 2638 Nam
674 2587 846 2636 cum
871 2589 1025 2636 non
1054 2563 1433 2637 sufficeret
1451 2565 1774 2663 pecunia
1796 2563 2097 2662 publica
2113 2619 2134 2654 ‚

112 2697 634 2780 quantumque
654 2683 957 2780 privatae
976 2697 1134 2754 erat
1155 2683 1626 2780 imperatori,
1653 2681 1908 2753 omnia
1936 2704 2134 2752 exer·

108 2801 389 2874 cituum
410 2801 959 2900 complementa
972 2801 1150 2874 belli
1172 2801 1510 2879 cladibus
1522 2827 1678 2874 una
1697 2802 2127 2899 perierunt:

109 2939 183 2988 ac
216 2943 308 2990 ne
334 2917 613 3015 longus
648 2918 791 2989 sim
815 2971 835 3006 ‚
872 2943 960 2990 ex
996 2916 1126 2990 illo
1160 2943 1335 2991 casu
1360 2920 1706 2992 aerarium
1740 2915 1944 2988 hand
1976 2940 2173 2987 am·-

110 3031 299 3128 plius
332 3031 634 3106 suffecit
654 3087 677 3123 ‚
712 3031 841 3106 sed
867 3048 1043 3106 ante
1076 3049 1412 3133 tempus,
1448 3059 1616 3132 quae
1659 3031 2006 3106 nondum
2043 3034 2129 3104 in

112 3171 265 3244 spe,
315 3151 395 3222 id
447 3163 555 3222 est
576 3204 597 3241 ,
650 3147 1131 3223 collatoribus
1178 3165 1397 3241 sunt,
1454 3150 1538 3221 in
1583 3147 2126 3247 rempublicam
2237 3178 2242 3184 ·

116 3265 477 3364 impendit
510 3293 527 3338 ε
564 3271 653 3338 ut
682 3265 984 3341 infinita
1018 3269 1114 3340 sit
1139 3269 1376 3340 aerarii
1402 3267 1769 3365 angustia.
1799 3269 2128 3363 Tempus

110 3397 343 3456 autem
369 3439 391 3475 ‚
446 3385 723 3481 opinor
748 3437 768 3471 ‚
831 3408 972 3457 nos
1020 3383 1316 3458 deficiat
1343 3441 1365 3477 ,
1418 3383 1636 3483 lapsae
1685 3379 1831 3462 sub
1877 3385 2126 3454 Leone

117 3501 527 3599 reipublicae
578 3499 823 3574 clades
864 3504 929 3576 si
976 3527 1443 3598 enarremus,
1489 3501 1915 3578 domesticis
1955 3516 2142 3598 tum„

182 3776 250 3852 9)
286 3775 453 3858 Lego
475 3779 719 3838 ἐκλιπεῖν.

192 3871 297 3943 ¹0)
333 3870 480 3932 Cod-
508 3877 850 3956 ἀφορὴσεται.

188 3965 285 4048 .¹.¹)
321 3965 466 4028 Cod.
490 3975 640 4048 ἦγον.
