3050 5017
490 502 1050 583 antrustione
1103 503 1519 555 nonnus
1567 504 1722 559 mn.
1771 508 1821 558 1.
2065 486 2170 579 45
2228 563 2235 570 ,

142 632 386 708 vatuS,
413 634 491 692 et
516 618 897 709 Flaccum,
924 619 1051 690 cui
1076 616 1393 715 majores
1418 642 1673 711 aures,
1703 635 1780 693 et
1798 621 2129 695 Naevium
2145 676 2170 715 ‚

140 738 257 805 eui
346 734 655 807 maculae
722 735 1085 835 geniti'vae.
1147 735 1564 807 Nominum
1617 736 1834 810 Lucii
1893 738 2170 812 Licinii

138 852 371 924 Crassi
412 854 753 955 primum
804 853 1097 923 oriente
1146 848 1301 923 sole
1356 864 1622 925 natum
1659 904 1681 943 ‚
1745 850 2167 930 secundum

140 992 351 1040 coma
366 969 703 1075 crispum
728 1021 751 1059 ,
782 968 1095 1041 tertium
1114 990 1513 1041 carnosum
1531 983 1614 1055 ,et
1629 970 2164 1078 corpulentum
2267 1044 2270 1047 ,

140 1098 350 1157 sonat
370 1076 405 1175 ;'
424 1090 727 1159 Crassus
752 1086 959 1157 enim
984 1082 1083 1158 ab
1102 1084 1665 1183 antiquioribus
1694 1086 1897 1161 Italis
1919 1086 2169 1163 dictus

138 1215 276 1292 est,
316 1203 457 1301 qui
486 1216 756 1274 natura
778 1224 1091 1301 corpore
1116 1200 1360 1274 obeso.
1380 1204 1724 1277 Pinarius
1749 1219 1966 1277 sonat
1993 1228 2188 1279 esu·-

140 1322 455 1403 rientem
470 1374 493 1411 ,
518 1326 978 1395 Statesaetate
992 1322 1369 1421 vigentem
1388 1376 1409 1413 ,
1434 1324 1752 1395 Faustus
1779 1337 1852 1395 et
1873 1323 2172 1397 Flavius

142 1436 591 1512 benevolum
613 1492 632 1527 ,
670 1438 895 1510 Caius
918 1436 1043 1536 (id
1080 1451 1191 1511 est
1210 1493 1231 1530 ‚
1268 1435 1640 1537 gaudius)
1680 1438 2114 1536 jucundum
2142 1492 2164 1531 ,

138 1554 477 1639 Tiberius
502 1552 597 1627 ad
622 1553 953 1627 Tiberim
982 1552 1271 1627 flumen
1309 1568 1572 1627 natum
1595 1610 1618 1647 ,
1651 1557 1864 1628 Titus
1884 1578 1928 1628 a
1953 1558 2164 1630 Tatio

138 1672 415 1746 Sabino
454 1686 707 1745 ortum
730 1726 753 1763 ‚
794 1673 1090 1773 Appius
1115 1674 1197 1744 in
1226 1674 1467 1773 Appia
1508 1678 1726 1773 (quae
1746 1687 1857 1747 est
1889 1674 2009 1747 via
2046 1676 2164 1747 in·

141 1790 407 1892 signis)
466 1790 933 1863 habitantem
954 1845 975 1882 ‚
1031 1792 1331 1863 Servius
1384 1807 1704 1864 mortuae
1749 1792 2012 1865 matris
2073 1814 2165 1867 ex

140 1926 355 1984 utero
372 1924 743 1985 servatum
766 1964 787 2001 ‚
807 1914 1001 1983 Nero
1016 1964 1036 2000 ,
1060 1908 1510 1983 Sabinorum
1532 1908 1829 2011 lingua,
1854 1906 2124 1984 fortem
2139 1966 2162 2003 ,
2227 1916 2232 1923 ’

138 2030 326 2099 Naso
364 2048 726 2101 nasonem
752 2078 775 2117 ,
838 2030 1079 2098 Tucca
1115 2028 1593 2098 carnivorum
1631 2025 1914 2125 (quem
1949 2050 2164 2101 nunc

140 2144 425 2215 Ziccam
482 2142 726 2215 idiotae
762 2139 1238 2241 adpellant),
1271 2146 1513 2214 Varus
1563 2154 1640 2213 et
1687 2138 1955 2214 Blaesus
1973 2194 1996 2233 ,
2031 2142 2164 2214 eui

138 2284 355 2333 crura
394 2259 703 2361 obliqua
725 2315 747 2352 ‚
800 2265 1161 2331 Serranus
1207 2256 1608 2357 agricolam
1635 2308 1656 2347 ‚
1709 2281 1754 2329 a
1801 2255 2116 2331 serendo
2135 2310 2160 2347 ‚

137 2380 519 2478 Augustus
564 2375 751 2449 boni
801 2376 1079 2449 ominis
1099 2428 1121 2465 ‚
1184 2390 1261 2446 et
1298 2372 1647 2446 Vitellius
1680 2396 1936 2447 crocea
1977 2370 2166 2445 facio

136 2490 525 2567 hominem
576 2494 807 2593 (quia
832 2490 1174 2565 vitellum
1202 2493 1523 2564 Romani
1563 2489 1843 2565 flavum
1878 2492 2000 2563 ovi
2025 2512 2163 2564 vo-

98 2658 106 2665 ·
137 2615 351 2703 cant)
373 2667 396 2703 ‚
423 2614 659 2683 Varro
680 2664 701 2699 ,
727 2608 1105 2681 Phoenicia
1124 2606 1383 2706 lingua
1402 2661 1422 2695 ‚
1445 2606 1784 2679 Judaeum
1805 2661 1826 2695 ‚
1855 2596 2159 2695 Celtica,

136 2742 555 2801 strenuum.
596 2724 797 2797 Talia
824 2723 1065 2797 multa
1090 2722 1435 2820 colligere
1454 2746 1596 2823 per
1625 2723 1866 2795 otium
1889 2722 2158 2820 possit,

135 2843 256 2914 cui
284 2838 479 2915 forte
500 2895 521 2931 ,
543 2840 754 2942 quod
776 2856 943 2941 agat
967 2864 1125 2912 non
1153 2837 1503 2941 babenti,
1529 2837 1692 2909 sine
1713 2859 1894 2908 cura
1910 2836 2158 2909 vivere
2251 2901 2270 2921 ,

137 2946 567 3057 contingat,
614 2972 843 3056 atque
864 2953 1279 3053 ejusmodi,
1322 2951 1605 3053 quibus
1633 2949 1948 3025 stolidus
1977 2974 2114 3049 ego
2135 3005 2158 3042 ,
2231 2963 2244 2977 ·

135 3078 482 3175 quamvis
508 3074 929 3148 innumeris
962 3070 1377 3171 implicitus
1398 3072 1636 3161 curis,
1662 3068 2156 3144 oblectamen·

134 3196 233 3283 tis
254 3192 585 3295 vigilare.

567 3410 821 3461 mm
868 3405 1161 3456 macno
1178 3436 1201 3472 ‚
1250 3400 1712 3467 onustum.

226 3590 351 3675 24.
400 3582 657 3673 Fidem
707 3574 1197 3680 scriptoribus
1238 3572 1530 3647 addunt
1565 3584 1901 3643 veterum
1955 3566 2154 3641 testi-

122 3702 407 3791 monia.
442 3700 721 3789 Junius
742 3698 976 3797 igitur
997 3691 1479 3766 Gracchanus
1497 3744 1520 3780 ‚
1569 3688 1652 3759 in
1675 3684 1870 3759 libro
1898 3682 1989 3756 de
2017 3684 2152 3763 Po-

125 3816 523 3904 testatibus
542 3870 565 3907 ,
624 3813 747 3891 his
777 3814 959 3913 ipsis
982 3806 1229 3884 verbis
1252 3808 1349 3882 de
1378 3819 1741 3909 quaestore
1784 3804 2152 3877 Romano.-

188 4044 269 4119 5)
310 4036 461 4113 00⁴1·
511 4040 729 4120 plico„
764 4037 843 4113 4.)
888 4034 1039 4099 00⁶·
1079 4035 1363 4116 βιτσᾌλιον»

1292 4272 1331 4315 §-

2273 3490 2292 3561 l
