3050 5017
742 494 862 548 DE
910 493 1266 550 JoANNE
1311 496 1581 554 LYDO.
1983 483 2181 582 xxiij

131 634 540 740 quomodo
569 664 788 748 nnnc
828 633 1082 740 Lydi,
1129 627 1243 716 sio
1293 631 1487 718 inex
1531 639 1615 716 N
1616 644 1889 720 onnosi
1916 703 1939 742 ,
1986 647 2183 722 sulii
2286 619 2293 626 ’

132 771 494 850 Africani
531 829 554 869 ‚
606 773 1060 873 Praxagorae
1100 831 1123 870 ,
1179 773 1705 873 Cephalaeonis
1726 833 1747 872 ,
1805 778 2137 878 Eunapii
2156 837 2179 878 ‚

131 907 442 984 Malchi
458 966 481 1005 ,
503 907 826 984 Candidi
851 899 1100 985 Isauri
1117 964 1140 1005 ‚
1169 909 1713 1010 Olympiodori
1736 964 1760 1008 ‚
1786 913 2179 1016 Dexippi5

131 1042 594 1141 Phlegontis
616 1042 1040 1139 Tralliani,
1080 1043 1502 1144 Pamphilae
1525 1100 1549 1141 ,
1578 1047 1917 1124 Cononis
1939 1105 1961 1144 ,
1994 1051 2183 1126 Held

131 1174 328 1250 ladii
381 1171 716 1252 eruditas
763 1177 1334 1277 uberrimasque
1387 1177 1743 1256 historias
1794 1180 2183 1281 insperato

137 1338 326 1388 casu
375 1313 462 1390 in
510 1312 760 1390 lu'oem
808 1311 1134 1412 proferri
1181 1313 1619 1392 videremus
1650 1345 1669 1391 ε
1709 1317 2053 1416 profecto
2102 1335 2182 1398 et

135 1473 416 1547 magna
441 1430 636 1522 esset
663 1421 922 1524 nostra
945 1447 1032 1522 in
1059 1446 1213 1522 illis
1245 1447 1584 1547 legendis
1610 1451 1999 1552 voluptas,
2032 1477 2179 1530 nee

135 1579 695 1656 desideraretur
717 1580 1139 1658 moderatio
1171 1581 1256 1658 in
1276 1579 1725 1681 judicandis.

234 1849 348 1924 X.
383 1851 668 1928 Leonis
689 1849 944 1929 antem
967 1850 1064 1929 de
1089 1851 1314 1955 Lydo
1337 1853 1551 1931 locus
1578 1865 1785 1932 extat
1818 1854 1903 1931 in
1924 1855 2177 1932 Taeti-
2300 1841 2465 1982 “ab

137 1985 252 2073 eis
273 1985 526 2082 illius,
564 1999 684 2063 ter
717 1989 1124 2087 impressis.
1152 1989 1418 2066 Primo
1445 1989 1679 2065 latine
1703 2000 2004 2066 tantum
2023 2046 2044 2085 ‚
2076 2015 2178 2066 ex
2272 2007 2499 2068 snpienti-

2220 2087 2535 2132 testimonium

137 2119 498 2195 versione
517 2119 751 2196 Checi
767 2175 790 2216 ,
810 2121 1151 2215 Basileae,
1177 2121 1407 2208 1554,
1443 2147 1559 2196 1-2.
1582 2123 1707 2196 Ibi
1724 2122 1809 2196 in
1832 2132 2179 2198 extremo
2268 2159 2329 2205 a.
2342 2159 2488 2217 Lydo.

138 2251 444 2351 epilogo
467 2253 718 2350 operis
741 2310 763 2351 ,
815 2253 1089 2352 pagina
1116 2259 1270 2328 non
1305 2263 1563 2330 notata
1596 2253 1857 2352 (quod
1888 2255 2198 2354 paginis

137 2383 500 2460 editionis
523 2411 682 2462 snae
707 2387 963 2463 nullos
991 2387 1260 2486 adjecit
1287 2413 1649 2463 numeros
1668 2386 2031 2484 Ghecus),
2064 2388 2191 2464 vi·

140 2515 370 2593 detur
399 2519 581 2597 libri
624 2519 719 2594 de
752 2521 1092 2596 Ostentis
1125 2521 1416 2598 mentio
1459 2519 1656 2596 fieri.
1692 2521 1881 2596 Post
1918 2517 2181 2595 eadem

141 2650 452 2729 Tactica
476 2677 712 2752 graeoe
741 2651 980 2728 edidit
1004 2655 1051 2727 J
1053 2679 1336 2730 oannes
1359 2654 1785 2750 Meursius,
1816 2651 2181 2750 Lugduni

143 2789 409 2864 Βοῶν.
453 2789 642 2866 1612
670 2848 693 2888 ‚
734 2792 804 2865 4.
839 2787 1193 2891 adjuncta
1223 2789 1458 2866 Cheoi
1501 2787 1735 2862 latina
1774 2789 2177 2864 versione:

143 2921 258 2996 ibi
278 2933 543 2998 tamen
575 2949 859 3000 nomen
889 2925 1334 3022 mentioque
1365 2921 1573 3022 Lydi
1607 2923 1832 3022 plane
1861 2948 1905 2996 e
1938 2946 2183 3019 graeoo
2248 3013 2253 3022 .

143 3055 455 3132 excidit.
493 3058 892 3135 Postremo
919 3059 1182 3134 eadem
1207 3057 1561 3156 vulgavit
1596 3056 1645 3130 J
1646 3081 1929 3131 oannes
1958 3055 2184 3128 Lami

144 3201 368 3267 sexto
391 3191 594 3290 Opp.
621 3193 1242 3270 Mennianorum
1265 3190 1665 3268 volumine
1680 3245 1703 3284 ,
1738 3187 2182 3282 Florentiae,

147 3325 350 3423 1745
376 3381 398 3416 ,
459 3323 592 3400 fol.
629 3351 732 3402 ex
759 3325 1276 3402 Lanrentiano
1301 3321 1797 3398 Bibliothecae
1818 3319 2187 3396 Mediceae

141 3453 342 3552 codff
367 3456 632 3532 multis
658 3457 972 3556 quidem
993 3457 1182 3532 locis
1209 3453 1627 3550 emendata,
1648 3452 1907 3530 minus
1929 3463 2185 3526 tamen

143 3589 228 3663 in
265 3597 584 3662 nostro:
615 3590 684 3663 is
730 3589 888 3685 ibi,
941 3589 1084 3664 col.
1115 3613 1301 3690 917,
1351 3587 1462 3662 sic
1503 3611 1586 3659 se
1631 3583 1862 3660 habet
1902 3609 1935 3655 a
1962 3589 2087 3661 Τὴν
2120 3585 2183 3655 δὲ

142 3727 507 3820 οἱς-ρονομίαν
534 3727 592 3792 οἱ
625 3725 758 3821 περὶ
785 3729 862 3795 τὰ
887 3729 1150 3820 μετέωρα
1179 3726 1569 3816 σχολάζοντα
1600 3715 1687 3810 (f.
1714 3721 2181 3814 σχολάζοντες),

147 3862 328 3954 σοφίᾳ
355 3885 422 3930 τε
455 3861 552 3928 καὶ
575 3861 834 3952 ἐπιςῆμῃ
865 3871 968 3937 τῆς
994 3869 1110 3930 τῶν
1135 3862 1372 3955 ἀςέρων
1413 3857 1785 3952 ψηφοφορίαις
1816 3853 2185 3950 διαφέρονται

151 3991 246 4091 (f.
281 3991 702 4094 ἂαφέροντες)
727 4049 750 4088 ‚
797 3999 937 4095 περί
956 4022 1019 4067 τε
1051 3996 1150 4068 τὸν
1189 3993 1559 4086 Πτολεμαίου
1602 3994 1821 4076 κανόνα
1839 4001 1879 4078 ,'
1916 3989 2014 4059 καὶ
2050 3990 2181 4084 περὶ
