3050 5017
541 545 1088 604 ntn’unmcn!
1134 547 1530 596 ROMANAE
1580 547 1729 599 mn.
1778 550 1829 599 1.
2108 553 2200 628 77

154 795 691 848 memmius
742 793 1113 859 rorans,
1164 793 1362 854 Qmm
1411 793 1604 844 rrm
1645 793 2206 847 mmm-swa

992 909 1383 973 vocnmr.

268 1115 408 1210 135.
458 1115 749 1192 Deinde
773 1169 796 1208 ,
830 1140 1011 1190 cum
1045 1118 1325 1190 iterum
1352 1141 1395 1190 a
1422 1114 1643 1218 plebe
1667 1117 2036 1219 primores
2062 1117 2206 1194 dis·

156 1238 549 1312 sentirent
569 1289 590 1324 ‚
639 1235 1035 1308 communi
1058 1231 1414 1334 suffragio
1446 1237 1719 1309 amotis
1745 1235 2210 1330 consulibua,

156 1355 437 1428 decem
488 1351 1037 1451 legislatoribus
1098 1377 1360 1426 curam
1417 1351 1850 1460 reipublicae
1903 1351 2210 1428 manda-

160 1487 387 1547 runt.
424 1471 539 1544 Ab
576 1496 783 1546 anno
805 1487 1059 1546 autem
1093 1495 1140 1544 a
1168 1471 1566 1546 consulatu
1591 1475 2039 1572 sexagesimo
2072 1497 2214 1571 per

162 1613 421 1666 annos
452 1591 1051 1690 quinquaginta,
1086 1589 1315 1692 modo
1347 1588 1683 1665 tribunis
1715 1589 2212 1680 militaribus,

166 1709 415 1784 modo
446 1708 949 1809 interregibus
980 1711 1243 1785 creatis
1261 1765 1282 1802 ,
1328 1709 1763 1810 perturbata
1796 1724 1908 1784 est
1954 1733 2214 1808 respu-

167 1826 401 1900 blica.
438 1830 631 1898 Tum
663 1827 917 1926 primo
950 1826 1324 1901 militibus
1346 1881 1365 1916 ‚
1412 1830 1553 1927 qui
1579 1842 1798 1901 antea
1831 1827 1925 1901 de
1957 1849 2097 1899 suo
2137 1848 2218 1898 se

170 1947 263 2018 in
329 1941 535 2016 bello
598 1957 1243 2036 sustentaverant,
1308 1961 1599 2019 certum
1656 1943 2125 2046 stipendium
2174 1963 2224 2016 e

170 2059 499 2164 publico
540 2057 825 2132 datum.
861 2061 1151 2134 Deinde
1185 2063 1810 2166 quinquennium
1847 2061 2224 2135 adflictata

177 2181 452 2256 civitas
478 2234 499 2270 ,
552 2181 901 2281 principe
928 2205 1187 2255 carens
1212 2212 1233 2274 3
1267 2185 1698 2282 iterumque
1727 2181 2072 2256 consules
2092 2237 2114 2272 ,
2137 2201 2230 2254 ac

180 2299 548 2396 deinceps
582 2311 916 2396 quatuor
947 2295 1232 2390 aediles,
1278 2295 1437 2372 duo
1461 2323 1803 2373 censores
1823 2353 1844 2389 ‚
1883 2297 2234 2396 alterque

179 2427 468 2522 praetor
486 2437 530 2486 e
554 2415 887 2514 patriciis
910 2417 1137 2490 creati
1158 2443 1180 2506 3
1204 2441 1619 2518 rursusque
1641 2414 1855 2517 plebs
1876 2416 2230 2516 quinque

182 2553 519 2632 augures
566 2544 645 2606 et
699 2547 1030 2630 quatuor
1074 2529 1473 2632 pontifices
1529 2532 1944 2605 constituit.
2003 2533 2232 2605 Anno

188 2663 453 2722 autem
489 2671 533 2718 a
561 2647 959 2722 consulatu
989 2648 1504 2724 ducentesimo
1529 2649 1980 2748 sexagesimo
2009 2648 2234 2721 tertio

187 2767 387 2840 alter
420 2779 693 2865 praetor
727 2781 1017 2840 creatus
1050 2781 1161 2841 est
1175 2823 1201 2859 ‚
1255 2768 1393 2868 qui
1427 2767 1843 2866 peregrinis
1871 2765 1999 2863 jus
2039 2763 2238 2836 dice-

192 2898 337 2959 ret.
392 2883 709 2956 Annum
744 2897 1095 2982 praetores
1120 2879 1219 2956 in
1260 2883 1700 2983 magistratu
1737 2904 1896 2954 non
1937 2879 2240 2955 excede·

196 3002 414 3082 bant.
432 2998 547 3073 Ad
568 3004 921 3075 Caesarem
941 3026 1119 3076 vero
1139 3025 1382 3102 usque
1403 3024 1522 3073 res
1539 2997 1847 3074 bellicas
1864 2995 2239 3090 consule-⁴3,

198 3119 651 3202 domesticas
680 3119 933 3199 civiles
962 3120 1435 3223 magistratus
1456 3116 2114 3196 administrarant
2312 3099 2326 3121 ‘
