3050 5017
446 438 1013 490 nmrunmcnz
1064 441 1465 490 noun-Ar,
1512 443 1665 492 mn.
1719 445 1842 494 111.
2033 419 2162 500 151

104 567 311 628 mta.
347 554 623 624 Omnia
656 577 866 642 vere,
893 577 1061 650 quae
1086 551 1473 650 quondam
1502 550 1712 626 fuere
1741 551 2174 652 reipublicae

114 683 585 742 ornamenta
609 723 630 758 ,
694 669 965 764 majori
998 693 1175 740 cum
1222 683 1584 768 potestate
1611 671 2124 742 restituuntur
2149 725 2173 760 ,

111 786 485 886 legesque
520 785 767 860 turbis
810 811 897 858 ac
938 787 1385 886 multiplicis
1430 813 1662 860 onere
1709 785 2176 860 confusionis

116 902 466 976 liberatae
519 931 536 974 :
588 919 945 1003 patetque
990 905 1330 1002 justum,
1398 928 1483 976 ac
1530 901 1786 976 litium
1841 917 2176 975 amantes

114 1021 459 1116 poenitet
480 1072 502 1109 ,
534 1019 1153 1093 contentionibus
1185 1019 1369 1094 olim
1396 1019 1747 1118 vagilasse
1767 1072 1789 1109 ,
1823 1018 2056 1090 ‘nulla
2089 1018 2174 1089 in

118 1152 527 1234 posterum
548 1190 573 1225 ,
618 1152 928 1236 propter
972 1137 1222 1236 legum
1279 1136 1692 1210 claritatem
1714 1191 1735 1226 ,
1781 1159 2040 1234 pugna
2069 1161 2180 1207 re-

124 1253 340 1324 licta.
368 1259 468 1326 Ac
503 1253 744 1325 virtus
774 1253 1083 1351 quidem
1130 1254 1600 1352 imperatoris
1644 1254 1906 1351 quavis
1957 1251 2182 1324 laude

130 1371 431 1467 major3
506 1369 813 1470 jamque
874 1386 1173 1472 tempus
1225 1386 1335 1444 est
1381 1395 1503 1443 me
1553 1369 1648 1442 ad
1699 1371 2176 1470 propositum

130 1485 515 1586 progredi.

245 1630 317 1674 α.
372 1601 659 1676 Cohors
716 1606 951 1704 igitur
983 1659 1003 1696 ,
1067 1606 1195 1678 cui
1236 1603 1538 1704 praefuit
1583 1601 1934 1704 magister
1966 1605 2181 1703 equi-

140 1735 309 1798 tum
342 1773 363 1807 ,
410 1736 693 1792 armata
726 1721 910 1794 olim
960 1737 1112 1795 tota
1150 1719 1334 1811 fuit,
1388 1723 1738 1821 dictaque
1786 1721 2187 1794 communi

141 1839 461 1910 nomine
478 1841 847 1937 promoti,
871 1838 1079 1939 quod
1100 1839 1411 1938 quidem
1436 1863 1716 1913 nomen
1742 1840 1824 1911 in
1853 1854 2187 1938 quntuor
2223 1888 2230 1909 ,

140 1953 512 2052 catalogos
557 1954 962 2046 dividitur,
1014 1959 1117 2029 in·
1139 1956 1620 2048 ducenarios,
1665 1957 2134 2030 centenarios
2161 2007 2185 2044 ,

140 2059 495 2148 biarchos
532 2102 547 2144 :
578 2073 673 2146 de
708 2074 991 2174 quibus
1017 2099 1181 2173 quae
1216 2077 1465 2148 tactici
1507 2075 1909 2166 tradidere,
1963 2101 2185 2175 expo·
2250 2157 2262 2168 ⁸

146 2215 411 2263 nerem
436 2245 457 2279 ,
506 2194 572 2263 si
605 2217 761 2265 non
786 2217 829 2264 a
850 2193 1253 2291 proposito
1295 2191 1600 2291 longius
1627 2217 1858 2266 essem
1883 2193 2186 2268 aberra-

148 2325 397 2382 turus.
422 2313 672 2408 Atque
703 2309 935 2406 hujus
972 2309 1497 2408 adpellationis
1523 2367 1544 2402 ,
1605 2317 2132 2410 promotorum
2163 2370 2186 2404 ,

150 2425 327 2498 dico
352 2479 372 2514 ,
424 2417 840 2500 etiamn'um
872 2429 1251 2517 matrices,
1296 2437 1484 2528 'quas
1522 2445 1832 2520 vocant,
1889 2429 2009 2523 (id
2039 2447 2190 2520 est,

152 2541 659 2640 catalogorum
728 2543 1012 2616 indices
1033 2542 1109 2642 ,)
1184 2546 1652 2618 mentionem
1705 2545 2022 2618 faciunt}
2075 2547 2190 2621 Ab

156 2663 499 2754 Augusto
530 2635 818 2730 mutata
840 2713 865 2748 ,
918 2675 1027 2760 ut·
1055 2684 1244 2760 saepe
1274 2661 1646 2753 diximus,
1683 2663 2192 2760 'magistratus

76 2863 81 2872 α
158 2773 437 2862 forma,
485 2773 718 2847 additi
770 2793 954 2849 sunt
1005 2780 1143 2876 qui
1195 2778 1574 2874 adjutores
1612 2793 1982 2850 vocantur
2007 2833 2027 2866 ,
2107 2777 2190 2847 id

156 2906 291 2979 est,
325 2894 553 2982 βοηθοί
580 2919 595 2962 :
625 2907 853 2991 atque
882 2893 1079 2966 hanc
1106 2894 1337 2966 solam
1378 2892 1954 2993 adpellationem
1987 2917 2187 2965 com·
2260 2895 2264 2902 ’

158 3025 583 3082 memorant
609 3037 777 3110 quae
806 3010 900 3083 ad
945 3011 1293 3084 militiam
1328 3011 1855 3085 accedentibus
1899 3011 1994 3085 ab
2043 3014 2190 3084 im·-

158 3126 631 3223 pera'toribus
672 3126 1106 3226 praebentur
1140 3127 1585 3227 probatoriae
1609 3183 1628 3216 ,
1677 3129 1754 3200 id
1787 3145 1896 3202 est
1922 3185 1941 3218 ,
1987 3130 2186 3200 testi-

160 3243 417 3314 monia
461 3257 537 3314 et
573 3247 998 3342 ⁶specimina
1074 3251 1377 3344 (neque
1438 3248 1644 3318 enim
1709 3244 1892 3316 olim
1970 3246 2189 3318 nullo

160 3361 597 3434 discrimine
653 3361 963 3435 cuilibet
1027 3361 1421 3460 cingulum
1490 3361 2021 3461 qualecunque
2075 3365 2188 3434 iu—

160 3462 396 3552 duere
438 3478 655 3550 licuit
680 3535 699 3568 ‚
757 3495 933 3552 ante
980 3503 1209 3577 quam
1254 3503 1329 3552 se
1362 3478 1458 3552 ad
1490 3477 1684 3551 illud
1725 3495 1990 3577 aptum
2037 3503 2190 3552 esse

160 3594 635 3695 probasset);
700 3594 1017 3694 probare
1062 3599 1268 3667 enim
1312 3597 1666 3668 Romanis
1699 3611 1808 3668 est
1839 3621 1996 3669 rem
2030 3621 2190 3694 spe-

161 3714 443 3784 cimine
499 3713 908 3785 ostendere.
956 3717 1177 3786 Nunc
1214 3727 1465 3784 autem
1522 3711 1797 3808 vulgus
1846 3735 1964 3782 eas
2018 3712 2196 3783 rudi

164 3828 633 3900 divinatione
657 3885 677 3919 ,
728 3854 989 3902 verum
1028 3827 1432 3928 prodente,
1468 3829 1908 3926 privatorias
1947 3827 2224 3926 adpel--

165 3945 303 4036 lat,
386 3948 656 4044 privati
708 3947 1221 4020 conditionem
1286 3946 1461 4020 inde
1520 3968 1866 4044 arguens.
1937 3949 2232 4048 Neque*
