3050 5017
398 471 959 529 ntlrunmcnz
1010 480 1413 529 ROMANAE
1464 476 1612 529 Lm.
1647 482 1758 529 011.
1969 474 2107 556 ης)

78 578 327 683 signia
378 614 397 657 e
452 612 619 685 quae
654 586 907 685 qualia
954 588 1145 675 sint,
1201 589 1281 659 in
1328 613 1552 687 opere
1587 590 1680 660 de
1726 589 2114 661 mensibus

80 702 575 775 ostendimus.
608 705 909 801 Quippe
942 706 1021 775 in
1052 704 1409 789 inanibus
1436 704 1750 803 gloriam
1776 730 2118 803 quaerens

84 822 605 913 Domitianus,
637 823 1253 895 innovationibus
1272 823 1640 920 gaudebat
1672 852 1686 895 ε
1719 826 2122 923 proprium

94 954 349 1009 autem
384 955 707 1033 tyranno
745 941 1059 1037 antiqua
1102 942 1443 1014 instituta
1477 956 1824 1012 evertere.
1863 947 2124 1038 Itaque

100 1082 253 1127 non
298 1056 526 1130 modo
562 1058 653 1129 de
700 1056 1153 1156 praefecturae
1188 1060 1513 1155 praetorii
1553 1074 1796 1130 vetere
1841 1059 2128 1131 honore

102 1174 421 1247 detraxit
446 1230 466 1263 ‚
517 1202 781 1247 verum
812 1191 887 1247 et
914 1174 1423 1273 proefecturam
1460 1176 1670 1249 urbis
1695 1234 1715 1265 ,
1751 1192 2130 1275 quantum

102 1292 415 1390 quidem
459 1294 536 1363 in
575 1296 733 1391 ipso
786 1292 969 1377 fuit,
1016 1292 1483 1381 dilaceravit,
1550 1292 1948 1365 duodecim
1995 1313 2136 1390 pro

108 1435 265 1510 uuo
310 1408 693 1509 praefectos
742 1410 991 1501 urbiS,
1053 1410 1389 1509 singulos
1430 1410 1776 1483 videlicet
1819 1410 2140 1507 singulis

110 1532 358 1599 Romae
384 1526 766 1625 partibu'S,
816 1529 1299 1599 constituens.
1379 1593 1387 1603 .

214 1670 335 1715 20.
390 1642 595 1715 Nulli
634 1670 809 1721 vero
846 1645 1121 1716 horum
1156 1645 1726 1741 magistratuum
1760 1646 2022 1733 initio,
2059 1660 2149 1715 ut
2201 1688 2208 1693 -

122 1777 330 1833 nunc
357 1816 376 1848 ,
414 1778 705 1851 certum
740 1760 1213 1833 domicilium
1246 1761 1393 1833 fuit
1416 1789 1722 1861 „neque
1751 1765 1830 1833 in
1861 1764 2104 1861 prima
2129 1814 2154 1849 ,

130 1904 379 1977 neque
417 1880 497 1949 in
538 1894 787 1950 nostra
850 1880 1323 1976 imperatoria
1380 1880 1610 1969 urbe3
1681 1879 1807 1952 sed
1863 1881 1944 1951 in
2001 1880 2164 1951 suis

128 1998 427 2069 sedibus
451 2052 469 2085 ,
500 2000 635 2095 qui
663 2000 1176 2099 magistratum
1208 1996 1566 2095 gerebant
1591 2052 1610 2087 ,
1639 2022 1956 2067 munere
1984 1994 2162 2095 fun-

132 2110 517 2213 gebantur.
568 2120 809 2212 Atque
846 2114 1271 2211 hocusque
1304 2114 1397 2183 ad
1446 2118 1772 2185 Leonem
1815 2124 2164 2203 nostrum

137 2232 451 2321 mansit3
490 2230 645 2319 ‚sub
671 2257 827 2329 quo
860 2232 1435 2317 Constantium,
1486 2230 1604 2301 vir
1631 2228 1830 2301 claro
1857 2252 2166 2326 genere,

140 2374 176 2419 e
208 2354 495 2421 Mazaca
527 2348 837 2446 quidem
866 2362 939 2418 ct
974 2348 1131 2445 ipse
1160 2345 1570 2435 oriundus,
1607 2360 1886 2417 virtute
1911 2360 2169 2415 autem

144 2468 467 2569 improbi
506 2467 962 2567 Cappadocis
990 2467 1427 2564 pravitatem
1466 2467 1977 2563 oequiparanS,
2010 2462 2172 2535 lite-

148 2588 241 2659 ris
266 2610 581 2685 quoque
604 2639 623 2673 ,
668 2608 751 2655 ac
780 2584 1155 2681 praecipue
1180 2585 1271 2655 iis
1292 2638 1311 2673 ,
1346 2606 1534 2681 quas
1562 2597 1726 2653 tum
1755 2580 1916 2653 Itali
1945 2582 2176 2651 maxi-

148 2728 257 2775 me
280 2702 629 2775 colebant
653 2756 673 2790 ,
718 2702 1003 2798 optime
1030 2700 1373 2771 eruditus
1396 2754 1416 2787 ‚
1458 2724 1634 2769 cum
1661 2696 2176 2795 praefecturam

154 2823 474 2919 praetorii
506 2834 827 2919 gereret,
882 2819 1169 2891 curiam
1197 2815 1630 2911 judicialem
1666 2812 2182 2912 splendidissi-

156 2965 347 3013 mam
391 2938 767 3026 condidit,
821 2938 1243 3031 Leonisque
1274 2934 1722 3032 adpellavit,
1783 2933 1862 3003 in
1903 2956 2050 3029 qua
2106 2944 2184 3000 et

154 3060 589 3132 electionem
627 3055 831 3125 illius
866 3052 1161 3125 decreto
1190 3052 1589 3147 inscripsit.
1617 3056 1824 3121 Hanc
1855 3062 2030 3137 suo',
2067 3048 2186 3117 uti

156 3160 481 3247 diximus
498 3187 813 3259 ‚sumtu
838 3183 1283 3241 exstructam
1302 3221 1323 3254 ,
1352 3182 1437 3238 ut
1462 3180 1636 3260 pote
1655 3167 1951 3234 vicinus
1983 3162 2146 3233 loco
2163 3217 2184 3251 ,

160 3311 225 3366 et
246 3292 421 3367 Rufi
447 3306 714 3364 nostrae
744 3287 1119 3359 memoriae
1143 3301 1325 3354 avus
1344 3336 1365 3371 ,
1396 3280 1780 3351 modicum
1809 3280 2188 3373 magistra-

162 3415 271 3483 tui
311 3409 894 3537 modestumque
936 3400 1407 3475 domicilium
1468 3397 1873 3483 concessit,
1935 3421 2188 3468 succe·-

162 3530 457 3602 dentem
499 3543 663 3599 tum
702 3526 781 3593 in
818 3522 1251 3617 magistratu
1295 3516 1588 3603 colens,
1653 3526 1966 3611 remque
2017 3512 2192 3585 fecit

165 3674 457 3746 summa
488 3645 705 3717 laude
742 3643 1073 3739 dignam
1112 3626 1406 3711 Primus
1434 3660 1930 3732 summusque
1962 3637 2187 3731 magi-

168 3788 587 3857 stratuum,
633 3766 769 3864 qui
806 3762 949 3835 soli
976 3776 1265 3858 sceptro
1317 3757 1666 3846 cedebat,
1709 3758 1788 3825 in
1825 3779 2108 3853 parva..

246 3942 313 4009 α)
352 3932 529 3995 Conf.
569 3950 679 4001 ιιι,
723 3926 829 4003 55,
874 3927 977 4006 πρὸ
1006 3926 1377 4003 τῆς-ἀγορᾶς.
1431 3922 1439 3933 ’

248 4038 317 4109 3)
357 4030 605 4095 Cocli»
630 4037 717 4107 τῇ..

1817 4126 1840 4165 ¹
1863 4124 1896 4190 7
