3050 5017
416 300 448 331 X

390 479 962 540 REIPUBLICAB
1006 471 1415 534 RonANA‘E
1462 485 1612 533 un.
1667 485 1794 534 111.
1893 503 1904 516 ·
1965 457 2112 536 223

102 593 291 700 quod
335 616 645 691 vocant,
674 597 1099 670 conflatum
1134 609 1263 667 est.
1306 599 1588 666 Verum
1619 619 1794 668 cum
1829 596 2114 668 incom-

102 717 395 790 modum
418 732 639 804 esset,
672 713 1105 814 praefectum
1130 713 1477 810 praetorio
1504 737 1740 810 equos
1768 709 2118 810 publicos

102 835 323 931 iisque
341 835 773 932 praepositos
792 833 875 902 in
894 829 1305 929 provinciis
1321 829 1736 900 sustentare
1751 883 1774 919 ,
1789 827 2116 904 aliorum

100 963 331 1022 autem
364 946 508 1022 sub
536 961 895 1046 potestate
926 971 1052 1018 eos
1077 945 2064 1044 administrationequeesse
2095 939 2124 1018 ε’

100 1063 201 1134 lex
234 1064 401 1136 data
453 1077 603 1154 est,
648 1079 739 1136 ut
783 1086 1049 1134 cursus
1092 1059 1385 1160 publici
1424 1085 1684 1132 curam
1728 1059 2118 1160 praefectus

98 1183 429 1278 praetorio
446 1183 801 1254 retineret
818 1205 923 1278 qu
931 1178 1129 1250 idem
1155 1205 1176 1266 ;
1198 1180 1497 1276 primus
1516 1193 1766 1252 tamen
1787 1177 2122 1254 frumen·

100 1299 449 1368 tat-iorum
474 1297 945 1395 (principem
968 1295 1303 1392 magistri
1324 1319 1503 1366 eum
1531 1293 1761 1366 hodie
1794 1293 2114 1392 vocant)

100 1415 171 1484 in
187 1411 560 1486 auditorio
580 1413 745 1509 ejus
770 1435 1067 1510 semper
1088 1409 1371 1484 adesset
1390 1464 1412 1500 ,
1438 1425 1513 1482 et
1531 1425 1802 1484 cuncta
1821 1413 2116 1487 curiose

102 1531 597 1628 investigaret,
658 1553 1065 1626 causasque
1129 1529 1588 1626 inquireret,
1646 1553 1786 1600 cur
1841 1527 2120 1618 multi,

102 1646 499 1744 impetratis
518 1671 559 1718 a
588 1644 933 1744 praefecto
958 1645 1309 1743 praetorio
1338 1643 1869 1735 synthematis,
1887 1669 2118 1718 cursu

98 1763 391 1862 publico
420 1778 737 1836 utantur
773 1762 1035 1862 (unde
1071 1763 1299 1834 >etiam
1336 1763 1682 1836 curiosus
1707 1763 1952 1835 dictus
1972 1777 2120 1854 est,

102 1905 333 1978 neque
369 1880 495 1954 ille
521 1879 725 1954 solus
745 1935 765 1972 ,
786 1879 915 1952 sed
948 1881 1395 1980 quicunque
1428 1881 1648 1979 equis
1677 1880 2006 1980 publicis
2034 1881 2120 1954 in

102 1998 495 2092 provinciis
522 1989 945 2096 'praepositi)
975 2023 995 2087 ;
1048 2012 1289 2097 utque
1322 1996 1792 2088 synthemata
1831 1995 1926 2070 ad
1957 2021 2124 2070 cur-

100 2136 250 2184 sum
284 2127 365 2184 et
386 2114 759 2211 magister,
783 2114 999 2210 isque
1024 2115 1321 2210 primus
1346 2111 1864 2216 subscriberet.
1894 2112 2121 2202 Quod

104 2229 189 2300 ita
220 2254 381 2302 esse
409 2283 429 2320 ,
494 2229 651 2328 ipsa
696 2231 1137 2302 constitutio
1176 2229 1427 2320 docet,
1480 2232 1564 2301 in
1596 2245 1842 2304 vetere
1865 2229 2121 2302 codice

100 2343 597 2422 Theodosiano
618 2360 911 2420 exstans
931 2399 952 2434 ,
986 2347 1067 2419 iu
1099 2371 1299 2420 novo
1324 2359 1578 2418 autem
1603 2348 2116 2444 praetermissa.

188 2467 307 2550 [μ.
380 2462 501 2534 Sic
566 2463 801 2560 igitur
860 2476 1219 2562 tanquam
1296 2487 1434 2561 per
1485 2462 1762 2562 gradus
1821 2462 2122 2536 labente

102 2579 521 2677 magistratu
551 2631 573 2668 ,
608 2578 1065 2652 militaribus
1100 2577 1446 2678 catalogis
1471 2580 1900 2678 imperator,
1927 2603 2124 2678 quos

102 2696 397 2768 comites
431 2709 597 2768 tum
637 2695 1001 2776 vocabant
1024 2750 1055 2796 ,⁸
1077 2699 1230 2776 sive
1258 2695 1485 2769 duces
1503 2751 1524 2787 ,
1567 2694 1840 2768 officiis
1865 2711 2122 2770 autem

102 2809 342 2907 palatii
376 2813 805 2913 principem
842 2811 1261 2886 aulicarum
1299 2813 1690 2912 copiarum
1735 2811 2066 2911 praefecit
2099 2839 2120 2882 ε

102 2951 317 3024 quem
370 2929 623 3027 ipsum
674 2936 1187 3028 mag-istratum
1235 2927 1443 3002 haud
1490 2953 1810 3028 parvum
1831 2983 1854 3021 ,
1897 2931 2124 3012 sicuti

104 3050 467 3142 ςρατηλάτας
538 3071 731 3178 quos
796 3061 1067 3119 vocant
1104 3101 1127 3136 ,
1208 3027 1642 3145 praefectura
1715 3049 2124 3125 imminuta

106 3159 491 3234 reddidit.
549 3164 837 3261 quippe
880 3159 1275 3261 magnifica
1340 3161 1650 3248 aedificia
1719 3162 2078 3240 dissoluta
2099 3217 2126 3254 ,

109 3276 357 3352 multis
396 3279 491 3352 ad
526 3277 1051 3352 aedificandum
1087 3257 1505 3353 sufficiunt.
1541 3282 1645 3350 Ac
1675 3277 1911 3350 dum
1891 3305 2132 3384 impe-

110 3405 377 3467 ratores
410 3397 557 3494 ipsi
594 3393 790 3468 bella
823 3394 1111 3486 obiere,
1154 3393 1427 3472 habuit
1466 3397 1850 3494 quandam
1893 3397 2130 3496 magi-

110 3523 409 3603 stratus,
450 3515 587 3586 etsi
617 3538 773 3590 non
804 3529 1126 3604 tantam,
1162 3514 1525 3610 majorem
1566 3528 1853 3605 tamen,
1894 3537 2127 3612 quam

112 3629 323 3698 ceteri
357 3653 661 3720 omnes,
702 3631 1119 3732 potentiam
1158 3646 1389 3730 atque
1434 3631 1953 3703 auctoritatem
1990 3657 2006 3698 :
2040 3652 2132 3700 ex

116 3765 263 3840 quo
294 3762 549 3820 autem
590 3747 1049 3822 Theodosius
1092 3765 1516 3848 postremus
1553 3746 1968 3848 imperium,
2005 3741 2130 3816 ad-

186 3909 441 3984 4)cod.
482 3917 901 3997 ὑποὸαράθρων,
943 3911 1163 3992 seda,
1215 3935 1323 3992 ιι,
1372 3913 1711 3992 ὑποὸἀᾶρων
1799 3895 1808 3904 ’
1875 3891 1884 3902 ’

188 4009 259 4084 5)
295 4011 734 4090 δὲαᾶᾶιᾶίοιι,
766 4037 861 4084 ιι.
