3050 5017
78 363 117 390 O

390 479 957 538 amrutmcuz
1004 471 1408 528 ROMANAE
1456 477 1610 526 mn.
1663 477 1800 528 1¹1.
1961 477 2090 551 191

88 597 517 674 obtinuisset
534 651 558 687 ,
602 591 867 668 Rufini
914 587 1311 680 tyrannide
1363 602 1745 660 mutatum
1795 601 1923 661 est.
1976 589 2108 662 Le-

92 741 241 815 gem
298 715 501 788 enim
556 708 739 783 tulit
782 708 1191 805 imperator
1242 703 1601 776 Arcadius
1643 758 1664 793 ,
1733 707 2112 804 magistra·

97 847 205 904 tus
227 829 639 930 potentiam
676 837 1025 896 metuens
1044 875 1067 910 ,
1106 834 1197 892 ut
1218 821 1572 919 princeps
1591 818 2112 919 adparit'orum

99 946 453 1044 magistri,
492 923 815 1014 maxima
858 937 1145 1035 judicia
1179 934 1482 1025 obiens,
1532 934 1932 1035 diligenter
1974 963 2117 1010 cu-

102 1065 427 1160 rioseque
447 1059 603 1132 vim
626 1059 708 1129 in
732 1057 825 1128 iis
844 1051 1308 1152 agendorum
1328 1053 1774 1150 inquireret,
1791 1069 1867 1125 et
1885 1080 2126 1154 quare

106 1201 351 1252 cursus
384 1173 857 1274 synthemata
890 1168 1161 1243 fierent
1180 1221 1201 1259 ,
1236 1181 1733 1266 cognosceret.
1771 1173 2124 1244 Ceterum

107 1293 447 1382 Rufinus,
472 1305 871 1390 postquam
900 1311 1033 1359 sua
1062 1301 1329 1383 sponte
1354 1284 1435 1355 in
1466 1287 1852 1359 Orientem
1879 1291 2128 1384 venit,

112 1412 445 1482 comitem
480 1406 811 1479 Orientis
841 1457 863 1493 ,
911 1416 1003 1474 ut
1027 1414 1332 1490 vocant,
1392 1397 1850 1498 flagellatum
1898 1407 2128 1479 inter·

112 1527 281 1599 emit
308 1552 329 1616 ;
385 1521 597 1622 quod
655 1518 903 1594 verbis
959 1515 1295 1590 aemulari
1338 1513 1854 1612 praefecturam
1902 1545 2135 1597 ausus

116 1655 305 1716 esset.
332 1644 423 1712 Et
448 1635 746 1710 Arcadii
774 1632 1005 1732 quide
1112 1683 1131 1718 ‚
1171 1644 1263 1701 ut
1286 1628 1478 1721 dixi,
1518 1636 1960 1712 constitutio
1980 1693 2002 1730 ,
2049 1641 2135 1712 in

117 1777 345 1835 vetere
361 1757 617 1832 codice
632 1656 1145 1828 Theodosizo
1158 1748 1507 1842 exstabat3
1518 1737 1953 1829 recentioris
1960 1783 2140 1833 vero

124 1879 533 1952 conditores
559 1899 721 1980 eam
738 1929 761 1966 ,
789 1887 879 1948 ut
911 1891 1451 1969 supervacuam
1488 1870 1670 1969 ipsis
1702 1874 1970 1969 visam,
2014 1901 2145 1953 ne·

127 1995 523 2094 glexerunt.
1869 1975 1876 1982 ’

216 2115 335 2196 24.
390 2111 584 2179 Cum
612 2106 844 2203 igitur
862 2107 1215 2206 princeps
1234 2104 1890 2203 magistrianorum
1914 2111 2146 2183 maxi·

134 2230 261 2300 mis
277 2226 465 2299 olim
490 2221 797 2322 judiciis
812 2224 1094 2298 adesset
1109 2278 1130 2313 ,
1154 2247 1403 2322 neque
1423 2224 1848 2324 quidquam
1877 2244 2149 2327 praeter

138 2368 404 2416 nomen
417 2340 726 2416 haberet
740 2393 761 2428 ,
802 2363 977 2412 cum
994 2337 1227 2412 officii
1247 2356 1427 2426 turn.
1438 2343 1796 2441 temporis
1813 2345 2152 2417 cornicu-

140 2458 307 2532 lario
320 2460 497 2556 egit,
512 2471 599 2528 ut
616 2454 909 2528 aditum
922 2455 1302 2555 quendam
1326 2459 1469 2556 ipsi
1481 2457 1578 2530 ad
1596 2459 1879 2557 agenda
1900 2485 2158 2535 conce-

146 2573 373 2666 deret;
402 2597 736 2672 cumque
758 2572 863 2644 ita
882 2571 1321 2682 placuisset,
1348 2575 1745 2647 constituit
1768 2578 2123 2677 princeps
2138 2632 2164 2670 ,

150 2707 227 2765 ut
260 2716 493 2765 unam
535 2692 704 2762 auri
734 2689 1001 2764 libram
1048 2689 1365 2786 singulis
1396 2690 1785 2763 mensibus
1819 2695 2166 2767 cornicu-

152 2807 321 2884 lario
338 2810 597 2898 ferret,
624 2822 857 2906 ‘atque
884 2808 1199 2903 insuper
1216 2803 1457 2877 cuivis
1482 2803 2000 2904 adparitorum
2020 2864 2041 2898 ,
2076 2834 2170 2884 ex

158 2925 693 3000 consuetudine
719 2937 1003 3021 partem
1026 2921 1355 3018 aliquam
1380 2918 1766 2994 redituum
1787 2925 2172 3018 sortienti,

160 3042 358 3116 solita
387 3042 766 3116 continuo
787 3038 1013 3111 daret.
1039 3039 1169 3110 His
1198 3040 1300 3110 ita
1328 3039 1680 3129 inm-‚eos
1706 3045 2136 3117 constitutis
2153 3098 2180 3136 ,

164 3162 481 3256 quitum
519 3172 681 3232 erat
712 3153 1255 3228 cornicularius
1287 3209 1308 3244 ,
1378 3153 1777 3229 duodecim
1813 3157 1978 3232 illas
2010 3161 2186 3234 auri

166 3275 377 3350 libras
405 3277 575 3349 sine
614 3273 769 3348 ulla
802 3269 1251 3380 deductione
1298 3284 1341 3342 a
1376 3272 1724 3371 principe
1769 3275 2142 3374 accipiens
2162 3330 2187 3369 ,

172 3415 458 3466 summo
486 3415 667 3464 cum
700 3390 988 3462 honore
1020 3387 1624 3461 unimembrium
1656 3391 2044 3464 actionum
2073 3415 2196 3464 re-

174 3507 407 3583 ditum
430 3509 715 3611 potiori
732 3503 1208 3595 concedebat,
1224 3503 1369 3580 sihi
1389 3558 1410 3596 ,
1428 3519 1696 3603 praeter
1705 3531 1935 3605 quaea
1955 3508 2193 3610 gradu

258 3721 323 3797 7)
362 3721 603 3782 Dubito
642 3739 723 3779 au
769 3727 933 3778 recto
986 3716 1279 3780 verterim
1337 3690 1805 3780 unimembriae‘am
1863 3722 2202 3788 actionum.

185 3813 352 3877 Cous.
386 3837 495 3891 m,
542 3815 621 3878 25
640 3857 661 3893 ‚
711 3823 1036 3896 μονομεροῦ”
1086 3819 1351 3888 ἆντιύξεως
1370 3858 1389 3890 ,
1438 3821 1503 3874 et
1533 3833 1608 3875 m
1630 3856 1651 3891 ,
1707 3813 1823 3894 66,
1883 3827 2208 3901 μονομεροῦς

188 3916 445 3994 ὶντυχίας.

263 4010 333 4088 8)
370 4009 523 4072 God-
567 4015 810 4091 εἰσάγων.

2922 452 2929 582 ,ῌ
2883 0 2926 430 ,ῥέῃ
