3050 5017
852 454 1141 555 lxxviij
1498 468 2266 534 coMME²N'‘rAnius

851 620 1114 696 eadem
1160 620 1443 695 librum
1478 620 1574 697 de
1619 622 1955 699 Ostentis
1996 623 2224 716 velit,
2284 644 2497 719 aeque
2527 620 2838 707 varium,

850 755 1055 830 unde
1102 756 1353 829 Julius
1404 756 1898 855 Obsequens,¹
1970 752 2255 855 qu‘ique
2301 767 2654 853 praeterea
2708 780 2838 828 rem

849 890 1282 987 auguralem
1324 901 1923 985 tractaverunt,
2001 889 2141 965 'vel
2206 889 2340 986 qui
2407 888 2838 987 attigerunt,

848 1026 1127 1123 passim
1195 1024 1697 1099 illustrantur.
1763 1026 1963 1097 Cura
2020 1032 2270 1097 autem
2333 1017 2839 1114 adhibebitur,

846 1168 937 1229 ut
988 1156 1154 1231 haec
1199 1154 1429 1230 editio
1475 1212 1496 1250 ,
1568 1167 1944 1254 quantum
2006 1156 2422 1254 poterimus
2452 1208 2472 1242 ,
2543 1152 2836 1260 locuple-

843 1298 1049 1363 tetur
1103 1316 1119 1361 ε
1145 1316 1345 1381 ‚cum
1406 1290 2121 1364 commemoratione
2173 1298 2616 1383 auctorum,
2675 1310 2836 1383 quos

846 1414 1115 1522 Lydus
1142 1434 1592 1498 consecutus
1616 1434 1725 1497 est
1761 1435 1972 1498 :tum
2008 1420 2390 1497 additione
2421 1419 2842 1519 fragmento-

844 1580 1019 1630 rum
1054 1552 1548 1653 quorundam'
1565 1552 2026 1629 ineditorum
2049 1552 2380 1652 ejusdem
2405 1551 2642 1627 ferme
2659 1574 2840 1649 argu·

844 1692 1105 1781 menti,
1134 1690 1379 1763 Vettii
1400 1689 1750 1763 Valentis
1770 1666 2143 1787 inprimis,
2167 1689 2285 1786 cuj
2296 1712 2382 1761 us
2407 1685 2841 1783 Anthologia

840 1820 1045 1919 apud
1078 1847 1219 1895 nos
1245 1819 1628 1895 delitescit.
1661 1820 1846 1895 Non
1889 1818 2092 1919 quo‘d
2127 1844 2434 1913 verear,
2477 1844 2589 1894 ne
2617 1817 2840 1893 nudus

845 1952 1050 2053 Lydi
1096 1964 1353 2029 textus
1401 1952 1644 2028 doctis
1689 1952 2134 2043 hominibus
2163 1978 2321 2027 non
2342 1950 2726 2047 jucundus
2761 1950 2838 2024 sit

838 2085 1147 2163 futurus
1209 2112 1226 2161 ε
1281 2085 1410 2161 vel
1460 2085 1668 2183 quod
1699 2097 2005 2183 putem,
2054 2084 2436 2183 juveniles
2487 2110 2696 2161 meos
2736 2109 2841 2158 co-

840 2232 1063 2296 natus
1100 2245 1258 2294 esse
1290 2219 1475 2293 tanti
1514 2246 1531 2292 :
1575 2219 1706 2293 sed
1742 2232 1830 2294 ut
1875 2242 2140 2293 omnes
2196 2218 2624 2318 intelligant
2647 2276 2668 2313 ,
2704 2216 2839 2293 ,ela-

837 2355 1190 2428 boratum
1240 2378 1397 2426 esse
1425 2351 1506 2423 in
1536 2352 1678 2425 ista
1711 2352 2224 2451 qualicunque
2262 2362 2490 2450 o'pera
2512 2409 2533 2447 ‚
2583 2364 2666 2426 ut
2697 2351 2844 2426 libe·

838 2484 1115 2561 ralitati
1179 2485 1672 2559 illustrissimi
1732 2482 2048 2559 fautoris
2083 2539 2107 2579 ,
2196 2486 2519 2560 siminus
2587 2485 2844 2561 ‹zoeteris

832 2616 1060 2694 rebus
1086 2674 1106 2714 ‚
1140 2616 1523 2717 diligentia
1549 2630 1748 2693 certe
1784 2614 2390 2716 responderetur.
2435 2618 2713 2717 Neque
2743 2640 2844 2691 ve·

832 2774 998 2848 r0,·
1038 2751 1251 2848 siqua
1295 2751 1587 2825 suntin
1625 2750 1823 2825 libro
1869 2749 1964 2823 de
2012 2750 2348 2825 Ostentis
2397 2752 2658 2826 minus
2701 2776 2842 2849 per*

831 2883 1077 2979 fecta,
1150 2884 1347 2964 sicut
1402 2895 1640 2973 sunt,
1709 2882 1994 2958 idcirco
2054 2886 2148 2958 ab
2211 2885 2345 2959 illo
2411 2884 2708 2960 edendo
2741 2882 2844 2957 de-

831 3020 1191 3094 terrebor.
1231 3016 1483 3111 Nam,
1541 3027 1628 3091 ut
1678 3018 2036 3093 universe
2085 3015 2354 3116 Lydus
2403 3018 2722 3094 minime
2765 3018 2846 3091 sit

832 3177 1012 3227 cum
1036 3152 1353 3225 summis
1385 3176 1630 3225 aureae
1655 3152 1888 3229 aetalis
1930 3152 2366 3227 auctoribus
2417 3176 2840 3252 comparan-

829 3286 1006 3382 dus,
1055 3286 1145 3360 iis
1200 3296 1399 3360 certe
1429 3254 2042 3362 adnumerandus
2072 3298 2216 3377 est,
2257 3287 2392 3383 qui
2423 3288 2657 3361 totius
2693 3312 2844 3361 eru-

829 3419 1140 3494 ditionis
1186 3419 1557 3516 antiquae,
1603 3422 2005 3516 cujusnos
2037 3422 2528 3519 perexiguam
2554 3474 2575 3509 ,
2625 3420 2848 3497 maxi-

828 3578 1033 3628 mam
1075 3552 1455 3626 habebant
1484 3550 1942 3626 facultatem.
1979 3553 2282 3654 Quibus
2310 3556 2393 3629 in
2423 3556 2846 3633 auctoribus

826 3684 1027 3762 nihil
1072 3682 1227 3757 fere
1260 3694 1411 3758 tam
1450 3682 1662 3779 leve,
1721 3695 2034 3781 tamque
2067 3686 2272 3761 exile
2304 3702 2436 3761 aut
2483 3700 2712 3763 tenue
2749 3710 2850 3760 re.-

826 3796 1060 3917 periri
1111 3828 1341 3915 pute,
1391 3814 1608 3914 quod
1653 3820 2178 3916 nonalicujus
2229 3820 2640 3918 aliquando
2675 3847 2842 3896 mo-

832 3951 1071 4039 menti
1120 3974 1321 4061 esse,
1375 3948 1686 4057 quodve
1738 3963 1950 4038 ‘recte
1979 3940 2175 4030 'cum
2231 3953 2396 4033 aliis
2453 3954 2846 4048 collatum,
