3050 5017
878 422 886 430 .
1360 397 1375 429 Ι

469 471 1039 525 ιειΡυΒιιοΑιῑ
1091 471 1493 526 nonnus
1543 473 1800 566 cmxx.
2049 449 2158 532 63

53 587 55 590 ’
122 579 619 682 interpretari.
650 588 897 672 Patrio
930 609 1274 660 sermone
1308 587 1545 685 igitur
1577 589 1678 660 ita
1717 602 1988 661 vocant
2018 593 2154 691 Βοο

122 695 329 770 mani
358 711 573 794 eum3
618 705 757 803 qui
782 703 1238 803 singularem
1263 719 1704 802 potestatem
1731 707 1826 779 ad
1850 723 2154 808 tempus

124 825 359 906 tenet3
414 845 663 919 neque
702 875 725 912 ,
780 820 967 892 dum
1018 835 1275 922 praeest
1332 821 1764 918 reipublicae
1785 877 1808 916 ‚
1857 817 2156 926 scriptis

126 958 285 1006 eam
326 933 619 1033 legibus
650 937 993 1026 ordinat3
1026 938 1318 1037 quippe
1351 936 1562 1010 brevi
1591 933 1996 1038 imperium
2015 965 2152 1042 po·

124 1051 426 1124 siturus,
458 1056 745 1126 Iustam
796 1055 1003 1127 enim
1056 1051 1165 1125 illi
1202 1067 1644 1154 potestatem
1678 1071 1950 1130 vocant
1989 1082 2154 1132 non

125 1191 427 1241 omnem
454 1225 479 1260 ‚
546 1170 677 1242 sed
731 1195 875 1271 pro
927 1169 1357 1269 reipublicae
1402 1171 1727 1245 utilitate
1783 1172 1878 1245 ad
1928 1172 2154 1248 breve

127 1298 423 1384 tempus
448 1285 757 1360 datam·
788 1303 879 1359 ut
913 1285 1107 1358 hac
1084 1312 1167 1360 1n
1206 1289 1586 1386 integrum
1633 1289 1950 1363 consilio
1994 1305 2153 1366 tan-

128 1413 286 1473 tum
311 1403 655 1474 restituta
674 1401 1111 1503 ,deinceps
1092 1427 1186 1493 ιε,
1212 1404 1339 1474 cui
1361 1402 1528 1476 data
1553 1406 1681 1496 sit,
1707 1403 1801 1476 ad
1822 1407 2158 1512 priorem
2193 1411 2202 1418 ’

131 1517 639 1606 conditionem
664 1534 1099 1592 revertatur.
1126 1521 1423 1592 Etenim
1452 1458 1684 1596 simul
1709 1545 1794 1594 ac
1816 1520 2156 1628 laboran-

133 1649 273 1707 tem
322 1635 759 1735 reipublicae
803 1649 1095 1740 partem
1146 1651 1502 1728 sanasset,
1561 1635 1943 1714 dictator
1924 1665 2156 1743 unpe-

132 1754 325 1824 rium
365 1751 725 1852 ponebat.
1591 1779 1598 1784 ’

224 1867 347 1968 37.
401 1871 741 1942 Primum
782 1871 1017 1970 igitur
1063 1853 1502 1944 dictatorem
1547 1867 1803 1944 creant
1834 1871 2160 1946 Romani

128 1988 389 2060 Titum
417 1988 829 2077 Marcium,
882 1989 1021 2089 qui
1058 1987 1288 2060 simul
1327 2003 1556 2087 atque
1601 1989 2008 2091 imperium
2041 2013 2160 2061 ca·-

128 2104 429 2202 pessivit
454 2157 475 2194 ,
526 2103 719 2176 duos
742 2103 1091 2177 consules
1126 2105 1574 2178 nominavit.
1608 2105 1868 2202 Neque
1901 2119 2156 2180 tamen

131 2233 425 2320 tempus
443 2221 869 2312 coustituit,
895 2244 1053 2318 quo
1076 2219 1534 2318 eligerentur
1559 2217 1949 2294 eonsules:
1977 2243 2158 2294 nam

128 2341 211 2409 iit
256 2361 520 2410 mense
571 2339 924 2410 Januario
966 2351 1349 2408 crearetur
1394 2335 1713 2427 consul,
1786 2341 2160 2436 posterius
2283 2385 2295 2400 ·

129 2456 587 2528 institutum.
630 2458 941 2526 Annum
976 2477 1157 2526 vero
1186 2451 1514 2551 amplius
1547 2453 1974 2527 consulatui
1997 2479 2160 2528 non

127 2571 490 2644 concessit
512 2625 535 2662 ,
560 2595 564 2602 ’
589 2567 1147 2642 mutationibus
1174 2568 1463 2668 ubique
1486 2567 1998 2667 gaudentibus
2021 2575 2164 2644 Ro·

131 2690 391 2761 manis.
452 2687 725 2761 Omnia
766 2701 1021 2760 autem
1074 2688 1295 2785 -regiae
1348 2687 1736 2784 potestatis
1791 2687 2114 2786 insignia
2139 2743 2163 2778 ,

125 2823 389 2908 praeter
438 2830 793 2880 coronam
822 2861 847 2896 ,
904 2803 1216 2880 aderant
1266 2805 1614 2878 dictatori
1678 2833 1697 2879 ε
1753 2803 2160 2880 duodecim

131 2949 421 2998 secures
444 2977 467 3016 ,
514 2947 857 3024 purpura
876 2977 899 3013 ‚
940 2921 1115 2996 sella
1142 2975 1167 3014 ‚
1211 2921 1479 2994 lanceae
1498 2975 1519 3012 ‚
1555 2935 1634 2994 et
1663 2945 2167 3022 quaecumque

132 3066 397 3142 regum
424 3041 749 3140 insignia
769 3037 1092 3114 fuerant.
1116 3037 1321 3110 Idem
1348 3042 1690 3139 primum
1719 3037 2162 3139 magistrum

134 3165 484 3260 equitum
504 3215 527 3250 ,
554 3161 915 3261 Spurium
950 3160 1285 3232 Cassium
1304 3213 1328 3249 ‚
1379 3160 1818 3231 ministrum
1846 3159 1992 3232 sibi
2023 3159 2166 3234 ele-

133 3283 240 3380 git
266 3336 291 3370 ‚
335 3281 565 3354 sicuti
584 3276 955 3351 Romulus
984 3273 1315 3349 Celerem
1350 3276 1700 3374 equitum
1727 3273 2156 3347 tribunum.
2247 3327 2254 3332 -

135 3397 720 3474 Praeferebantur
764 3411 1017 3470 autem
1054 3393 1273 3484 huic,
1314 3407 1580 3493 praeter
1618 3393 1840 3489 jubas
1863 3449 1886 3482 ‚
1937 3393 2166 3470 fasces

133 3515 341 3618 longi
398 3543 417 3590 ε
476 3518 615 3616 qui
650 3538 813 3587 mos
846 3511 1225 3612 hodieque
1250 3566 1272 3604 ‚
1335 3497 1685 3611 quamvis
1715 3512 2166 3609 -ignoratuS,

134 3649 493 3706 servatur.
564 3628 1218 3704 Proficiscentibus
1250 3630 1477 3700 ‘enim
1545 3627 1891 3726 equitum
1957 3629 2166 3706 duci-

136 3749 279 3824 bus
302 3775 474 3824 non
504 3747 835 3848 amplius
870 3745 1178 3846 quidem
1213 3744 1507 3817 lictores
1541 3799 1562 3834 ‚
1605 3757 1696 3814 ut
1726 3741 1908 3814 olim
1934 3798 1957 3831 ‚
1989 3771 2168 3844 prae·

138 3883 371 3958 eunt,
430 3865 559 3940 sed
607 3891 649 3941 a
701 3879 911 3962 tergo
944 3877 1279 3935 armatus
1326 3885 1535 3934 unus
1585 3859 1986 3956 longarum
2031 3866 2171 3938 vir.

138 4011 409 4084 garum
446 3982 713 4061 fascem
758 3980 951 4059 ferre
1001 3977 1189 4059 solet
1206 4033 1228 4070 ,
1288 4003 1385 4056 ne
1431 3981 1592 4082 ipse
1627 3977 1948 4079 quidem
2001 3994 2166 4084 cau·
