3050 5017
447 409 1010 466 nntrunmeu
1064 408 1478 466 ROMANAE
1529 415 1684 467 mr.
1737 413 1866 470 111.
2033 387 2174 474 153

104 521 349 598 enim
380 552 421 600 a
448 531 745 628 privato
794 526 1207 617 differunt,
1254 532 1393 628 qui
1425 531 1586 604 solo
1623 535 1934 608 nomine
1983 535 2182 606 mili·

108 649 323 718 tiam
370 647 985 748 qualemcunque
1006 649 1307 720 ‘ineunt
1345 675 1359 719 :
1398 675 1558 724 non
1589 651 1800 750 quod
1835 677 1992 726 non
2030 679 2183 726 me·

110 765 279 838 lior
349 767 578 841 rebus
656 768 1131 868 imperatoris
1200 767 1501 841 solertia
1573 769 2184 872 fructuosiorque

112 874 379 956 status
439 886 759 984 contigit
792 941 815 975 ‚
836 913 871 950 t
902 883 1032 956 sed
1089 886 1459 984 quoniam
1514 887 1660 986 ipsi
1718 888 1813 960 ad
1863 913 2184 963 munera

114 1000 387 1098 inepti
422 1001 813 1075 accedunt.
2117 1063 2132 1074 .

227 1113 305 1188 3.
369 1123 470 1195 Ac
516 1118 1031 1191 communiter
1082 1115 1395 1214 quidem
1444 1119 1530 1190 in
1589 1119 1954 1210 omnibus
2001 1135 2188 1194 cata·

114 1231 331 1332 logis
380 1259 473 1307 ex
528 1231 1001 1333 imperatoris
1050 1231 1608 1333 subscriptione
1662 1235 1781 1332 adj
1793 1249 2046 1310 utores
2103 1241 2188 1311 in

118 1349 393 1422 fronte
424 1351 611 1425 aciei
645 1349 829 1424 olim
874 1347 1459 1424 collocabantur.
1494 1352 1620 1424 Ait
1659 1354 1870 1424 ‘enim
1897 1355 2020 1426 sic'
2055 1383 2073 1426 :
2114 1370 2192 1429 et

120 1467 423 1542 colloca
455 1491 638 1540 eum
680 1467 761 1540 in
807 1465 1103 1565 legione
1138 1469 1385 1565 prima
1413 1522 1436 1556 ‚
1496 1468 1868 1564 adjutrice
1908 1484 2187 1546 nostra.

122 1585 360 1658 Unde
398 1587 635 1660 totius
659 1583 973 1682 catalogi
996 1585 1357 1684 princeps
1381 1567 1805 1660 etiamnum
1849 1591 2190 1662 cornicu-

126 1701 417 1792 lariu3‚
464 1703 545 1776 id
580 1716 691 1776 est
716 1755 737 1792 ‚
790 1715 1161 1774 cornutus
1182 1755 1203 1791 ,
1238 1703 1394 1774 sive
1432 1703 1515 1774 in
1553 1704 1799 1800 prima
1841 1704 2000 1776 acie
2045 1729 2189 1803 pu·

126 1843 379 1918 gnans
400 1873 423 1908 ,
481 1816 926 1917 adpellatur.
982 1817 1279 1893 Medius
1324 1821 1617 1919 quippe
1663 1822 2036 1893 exercitus
2100 1823 2188 1894 in

128 1933 507 2012 conflictu
556 1951 715 2010 erat
738 1989 759 2026 ,
828 1936 969 2035 qui
1024 1959 1403 2010 summam
1466 1940 1774 2035 imperii
1829 1937 2134 2016 tenebat
2163 1989 2192 2030 ,

130 2052 530 2152 praefectus
557 2056 908 2154 praetorio
934 2053 1217 2126 scilicet
1236 2109 1259 2144 ‚
1279 2054 1403 2127 vel
1424 2058 1680 2126 Caesar.
1708 2059 2192 2155 Imperatoris

130 2189 389 2258 autem
440 2197 725 2246 nomen
752 2225 773 2262 ,
820 2185 910 2256 ut
966 2171 1347 2262 diximuS,
1400 2197 1812 2246 commune
1849 2175 1941 2246 iis
1980 2189 2184 2248 erat:

134 2317 391 2391 neque
447 2293 657 2366 enim
710 2294 1079 2364 Caesarum
1122 2303 1423 2360 tantum
1468 2305 1624 2381 est,
1675 2289 1806 2364 sed
1861 2295 2190 2368 omnino

134 2412 299 2506 ejus
327 2463 349 2500 ,
407 2407 545 2508 qui
582 2407 871 2482 bellum
910 2431 1051 2494 suo
1088 2407 1460 2479 arbitratu
1490 2408 2186 2482 administrandum

134 2526 449 2600 sortitus
482 2541 613 2600 est.
642 2529 747 2598 Ac
778 2519 1075 2596 medius
1102 2522 1447 2622 quidem,
1490 2539 1580 2598 ut
1607 2524 1944 2599 diximus
1965 2579 1988 2619 ,
2027 2541 2188 2600 erat

141 2648 582 2746 imperator,
644 2641 1293 2744 quemadmodum
1338 2645 1754 2716 Frontinus
1802 2647 1956 2736 ait3
2001 2670 2048 2717 a
2085 2647 2185 2720 si-

138 2767 379 2840 nistro
420 2780 675 2838 autem
712 2763 951 2858 latere.
972 2764 1322 2861 magister
1340 2765 1704 2861 ,equitum
1732 2817 1752 2852 ‚
1800 2765 1957 2836 sive
2003 2788 2186 2862 prae-

140 2883 375 2956 fectus
406 2881 756 2983 praetorio
781 2935 802 2972 ,
844 2895 925 2951 et
954 2878 1053 2951 ab
1092 2878 1325 2953 altero
1350 2889 1704 2978 praetores
1729 2933 1748 2969 ‚
1785 2893 1922 2952 aut
1955 2879 2182 2979 legati

138 2999 267 3096 (id
300 3015 458 3089 est,
504 2999 735 3072 duces
760 3011 837 3070 et
866 2994 1185 3095 legati),
1235 3021 1429 3093 quos
1476 3021 1620 3094 pro
1664 3021 1741 3068 se
1780 2997 2132 3070 consules
2153 3050 2180 3090 ‚

83 3163 97 3178 ·
134 3117 283 3211 jam
340 3131 665 3190 exeunte
712 3114 1153 3193 consulatus
1196 3133 1465 3185 eorum
1518 3127 1860 3212 tem-pore
1883 3167 1905 3201 ‚
1951 3113 2178 3186 relin—

138 3233 507 3332 quebant,
560 3236 748 3334 qui,
798 3232 1043 3307 donec
1088 3228 1401 3302 futurus
1448 3228 1718 3300 consul
1751 3229 1846 3301 ad
1879 3228 2174 3304 bellum

138 3353 414 3428 adesset
442 3409 467 3446 ‚
534 3354 902 3426 exercitui.
958 3362 1377 3450 praeessent.
1438 3348 1668 3445 Legio
1721 3361 1980 3419 autem
2034 3356 2174 3440 (ut

140 3479 453 3563 vocant)
508 3496 685 3545 cum
728 3495 859 3544 sex
908 3467 1149 3545 millia
1196 3466 1546 3567 peditum
1571 3489 1934 3554 numero
1955 3490 2166 3540 com·

137 3591 585 3689 plecteretur
636 3589 904 3690 (erant
948 3602 1204 3677 autem
1256 3586 1482 3658 initio
1529 3583 1788 3656 decem
1844 3579 2168 3706 omnino

212 3789 279 3864 5)
320 3789 595 3866 (ὃς-λέγει.
618 3783 895 3868 Nempe,
932 3781 1005 3843 ni
1024 3779 1242 3857 fauor,
1280 3779 1353 3841 in
1388 3757 1572 3862 opere
1597 3777 1674 3839 de
1713 3773 1965 3837 scientia
1997 3773 2169 3836 mili·-

144 3885 270 3946 tari.
314 3905 379 3946 v.
422 3904 486 3959 1,
522 3886 616 3964 47.

214 3983 285 4056 6)
323 3979 473 4044 Cod.
508 3981 595 4040 τὸ.
680 3980 749 4058 7)
790 3977 850 4038 δὲ
890 3979 1000 4038 καὶ.
1027 3975 1193 4058 Lego
1226 3977 1373 4036 δέκα.

1777 4091 1872 4137 20
