3050 5017
575 406 1129 455 iti-,munuca
1184 407 1588 456 nomiman
1637 408 1795 454 mn.
1845 409 1894 456 ι.
2157 384 2240 458 5ι

204 511 389 584 ficet
422 531 947 613 exactoresque
994 517 1514 616 pecuniarum.
1575 519 1914 608 Quaestor
1942 530 2018 590 et
2053 543 2251 616 quae-

210 635 405 705 sitor
428 660 587 733 quo
615 634 1006 725 differant,
1032 659 1258 736 supra
1291 634 1643 708 diximus.
1679 641 1769 709 Et
1795 653 2075 710 servata
2101 637 2258 712 haec

214 750 694 824 consuetudo
718 777 803 824 ac
844 750 1129 824 reditus
1154 749 1557 850 colligendi
1590 754 1780 825 ratio
1811 768 1976 825 tum
2001 777 2042 825 a
2075 779 2250 828 con-

214 865 521 939 sulibus
560 881 724 939 tum
772 891 815 938 a
856 867 1361 966 praetoribus„
1396 893 1574 942 eum
1604 869 1686 940 in
1717 883 1996 944 exteras
2018 858 2252 968 regio-

214 1007 351 1057 nes
394 982 1076 1081 proficiscerentur.

332 1101 469 1171 28-
506 1103 621 1172 De
664 1098 921 1200 palatii
954 1097 1450 1198 quaestoribus
1480 1113 1734 1172 autem
1779 1099 1958 1174 licet
1999 1097 2250 1200 Ulpia·

216 1243 409 1290 num
436 1216 1077 1315 jurisconsultum·
1108 1217 1507 1294 audiamus
1554 1246 1571 1288 :
1613 1222 1716 1292 ait
1750 1234 2003 1293 autem
2033 1222 2138 1293 sic
2167 1223 2250 1292 in

216 1333 417 1407 libro
464 1335 831 1436 singulari
884 1335 977 1408 de
1030 1329 1300 1408 Officio
1352 1338 1756 1426 Quaestoris
1803 1364 1821 1408 τ
1877 1367 1914 1408 α,
1966 1341 2248 1411 Verum

216 1453 519 1552 excepti»
556 1469 773 1526 erant
821 1467 1222 1552 quoestores
1266 1453 1644 1526 candidati
1689 1455 2094 1554 principis3
2167 1455 2250 1527 hi

212 1572 513 1644 etenim·
542 1571 717 1645 solis
740 1571 953 1644 libris
975 1573 1070 1643 in·
1093 1585 1358 1644 senatu
1393 1569 1726 1670 legendis
1748 1627 1770 1662 ,
1815 1587 1892 1644 et
1918 1571 2251 1671 epistolis

216 1690 771 1786 imperator-um-
826 1687 1203 1762 vacabant.
1251 1719 1287 1756 n
1326 1687 1794 1763 candidatos.
1817 1703 2068 1760 autem
2111 1695 2248 1762 Ro·

214 1807 425 1876 mani
480 1804 877 1878 candidam
934 1821 1213 1878 vestem
1275 1821 1614 1906 gerentes
1670 1830 1932 1880 vocare
1980 1804 2245 1880 solent.

209 1926 447 1995 Nemo
482 1941 733 1996 autem
767 1925 1185 1998 orationem
1211 1978 1236 2012 ,
1302 1922 1916 2023 qualemcunque
1937 1977 1958 2014 ,
2018 1921 2249 1996 lectu·

212 2064 388 2131 rus,
448 2065 535 2114 ac
569 2042 977 2142 praesertim
1020 2065 1271 2114 coram
1316 2043 1810 2140 imperatore,
1861 2066 2018 2114 non
2069 2067 2246 2114 cum

212 2155 532 2228 candida
561 2172 761 2232 veste
800 2156 893 2229 ad
930 2155 1327 2230 lectionem
1382 2155 1792 2228 accedebat.
1852 2155 2252 2229 Candidati

210 2299 393 2346 vero
426 2274 483 2344 ii
524 2297 833 2374 quoque
858 2273 1306 2348 dicebantur
1332 2328 1355 2364 ,
1391 2275 1529 2372 qui
1557 2275 1638 2345 in
1666 2273 2079 2372 provinciis
2105 2297 2250 2344 ma·

208 2392 562 2490 gistratus
598 2405 815 2464 erant
862 2391 1186 2491 gesturi3
1231 2391 1412 2490 quia
1454 2406 1530 2462 et
1579 2389 1878 2462 hicum
1929 2389 2248 2462 candida

210 2523 418 2580 veste
442 2507 850 2607 prodibant
879 2564 900 2601 ,
944 2507 1089 2582 hoc
1126 2533 1201 2581 se
1242 2505 1617 2582 studiosos
1669 2508 2245 2605 magistratuum

212 2648 375 2696 esse
401 2623 841 2700 indicantes.
910 2631 1253 2698 Testatur
1306 2623 1459 2696 haec
1488 2605 1844 2722 ‘quisquis
1898 2626 2249 2696 Romanae

210 2739 419 2812 haud
453 2765 715 2840 expers
748 2739 1095 2814 historiae.
1130 2745 1317 2814 Nam
1352 2765 1393 2811 e
1420 2735 1976 2839 magistratibus
2011 2741 2248 2810 nemi·
2327 2800 2336 2808 .

212 2881 389 2931 nem
416 2912 451 2948 ‚,
480 2873 977 2958 praeterquam
1020 2857 1464 2932 solennibus
1505 2855 1774 2929 diebus
1798 2911 1819 2945 ‚
1871 2855 2012 2928 alia
2048 2872 2248 2930 veste

212 2999 439 3047 usum
471 2999 625 3047 esse
648 3029 669 3064 ‚
719 2973 1079 3048 omnibus
1110 2976 1592 3047 notissimum
1621 2988 1750 3046 est.
1777 2975 2036 3072 Neque
2071 2997 2251 3046 vero
2351 2991 2356 2996 “

212 3089 291 3162 id
336 3095 588 3164 Romae
614 3106 911 3164 tantum
936 3147 957 3182 ‚
1014 3091 1269 3166 sedin
1308 3092 1722 3190 provinciis
1763 3091 1986 3162 etiam
2017 3092 2251 3163 moris

212 3205 487 3299 fuisse,
528 3209 687 3308 ipse
730 3209 1093 3299 memini;
1138 3205 1505 3306 quamdiu
1557 3205 1868 3304 quidem
1915 3231 1959 3276 a
2013 3209 2250 3282 curia-

208 3324 419 3398 libus
447 3325 779 3398 civitates
806 3325 1258 3425 regebantur
1288 3350 1305 3396 :
1350 3321 1634 3423 quihus
1673 3320 1988 3396 sublatis
2011 3377 2034 3415 ,
2071 3347 2246 3395 cum

208 3442 593 3516 universis
634 3441 931 3542 singula
974 3441 1202 3516 simul
1247 3453 1743 3514 evanuerunt.
2318 3437 2326 3446 ’

322 3585 443 3658 29.
496 3563 639 3631 Tot
682 3563 1159 3660 magistratus
1198 3583 1357 3632 rem
1412 3561 1822 3630 Romanam
1881 3555 2026 3628 sub
2064 3558 2251 3655 regi·

206 3675 357 3748 bus
380 3728 402 3763 ,
452 3699 590 3773 per
622 3700 863 3749 annos
896 3677 1259 3750 ducentos
1296 3674 1788 3776 quadraginta
1817 3687 1964 3745 tres
1999 3726 2021 3761 ‚
2057 3697 2250 3771 quos

206 3815 446 3894 penes
467 3816 674 3890 reges
700 3793 1107 3894 imperium
1133 3791 1281 3868 fuit
1300 3847 1322 3884 ‚
1348 3792 1618 3865 rexisse
1639 3845 1660 3886 ‚
1696 3793 1793 3864 in.
1809 3790 2250 3898 universum

292 3939 365 4016 3)
403 3939 553 4002 Cod.
594 3945 774 4023 μόνοι.
872 3945 885 3956 “
