3050 5017
401 399 970 464 iimrmimcats
1019 395 1420 460 ROMANAE
1468 399 1626 460 mii.
1675 401 1800 460 111.
1968 392 2106 466 281

107 523 582 624 praedantium
611 582 632 616 ‚
686 523 986 622 rapinas
1013 575 1036 605 ,
1093 521 1405 618 vimque
1457 536 1536 593 et
1587 522 2117 624 populationes

105 667 224 740 per
259 644 684 741 provincias
730 643 874 713 iter
913 637 1349 736 facientium
1380 642 1844 714 exercituum
1869 698 1889 731 ,
1921 667 2117 740 quos

105 760 304 832 obvia
333 760 762 833 necessitate
798 759 882 828 in
907 756 1155 828 hostoe
1177 757 1286 828 ire
1309 757 1684 858 contingit
1710 777 1729 848 3
1754 777 1984 858 quam
2014 753 2116 832 ob
2198 839 2201 844 ,

107 903 250 949 rem
279 878 630 950 leviorem
659 873 804 948 sibi
825 871 1318 947 barbarorum
1346 876 1856 948 incursionem
1882 859 2116 976 quam

105 1017 404 1068 suorum
435 1011 726 1068 moram
767 993 1084 1090 subjecti
1131 1007 1489 1092 reputant
1528 1022 1547 1064 :
1603 993 1730 1067 has
1761 995 1993 1092 igitur
2016 993 2117 1068 ob

103 1135 342 1184 causas
367 1165 389 1202 ,
447 1135 578 1184 seu
643 1111 902 1208 potius
969 1108 1420 1181 calamitates
1445 1165 1464 1198 ‚
1516 1135 1731 1181 suam
1792 1113 2121 1210 quisque

100 1231 404 1327 patriam
423 1226 978 1325 relinquentes,
1021 1251 1198 1298 cum
1226 1226 1448 1298 otiari
1481 1247 1711 1326 quam
1743 1231 2121 1326 sapienter

101 1345 422 1418 laborare
477 1342 792 1416 mallent
825 1399 846 1434 ,
923 1345 1212 1441 quippe
1287 1368 1384 1414 ne
1437 1345 1731 1441 copiam
1804 1344 2121 1442 quidem

104 1461 495 1551 habentes,
531 1461 1091 1560 imperatoriam
1131 1459 1396 1532 urbem
1447 1460 1707 1536 inutili
1753 1461 1977 1534 turba
2014 1485 2125 1534 re·-

105 1577 403 1677 plebant
442 1605 460 1649 τ
503 1576 1023 1676 crescebatque
1077 1593 1337 1648 contra
1392 1579 1796 1659 innumera
1855 1579 2125 1652 delicta

107 1719 246 1767 una
264 1717 445 1767 cum
471 1692 967 1767 multitudine
984 1692 1168 1790 legis
1185 1695 1567 1785 severitas;
1590 1694 1775 1768 adeo
1796 1710 1887 1768 ut
1906 1713 2128 1772 antea

105 1811 468 1909 neglectos
523 1813 1000 1908 magistratus
1027 1866 1047 1899 ,
1102 1824 1452 1909 praetores
1499 1827 1577 1884 et
1638 1814 2067 1912 quaesitores
2103 1870 2128 1907 ,

95 1927 295 2025 juxta
320 1929 646 2028 prisoem
667 1925 880 2024 apud
901 1931 1277 2000 Romanos
1295 1985 1316 2020 ,
1371 1943 1461 2001 ut
1495 1955 1724 2029 supra
1765 1951 2129 2005 memora-

99 2047 340 2118 vimus
353 2091 376 2137 -,
397 2044 1030 2122 consuetudinem
1043 2099 1064 2134 ,
1083 2047 1458 2136 creaverit.
1481 2047 1635 2138 Qui
1656 2072 1835 2120 cum
1854 2049 2131 2148 populi

100 2177 384 2260 peccata
419 2176 1089 2261 persequerentur,
1127 2164 1372 2234 acrius
1397 2166 1633 2235 excita
1666 2163 2083 2237 multitudo
2103 2219 2126 2254 ,

99 2295 165 2351 et
187 2279 449 2352 fatales
491 2281 574 2350 in
605 2279 1136 2351 consensiones
1175 2280 1561 2379 compulsa
1580 2331 1601 2371 ‚
1634 2296 1874 2353 totam
1915 2305 2131 2381 paene

98 2395 360 2470 urbem
427 2393 784 2468 incendio
848 2393 1141 2468 delevit.
1199 2401 1292 2468 Et
1357 2397 1758 2496 Cappadox
1814 2399 2129 2498 quidem

95 2516 420 2588 evanuita
451 2514 656 2610 Ignis
679 2537 857 2586 vero
879 2567 901 2604 ,
929 2515 1158 2604 initio
1181 2539 1271 2586 ex
1295 2513 1481 2587 aulae
1503 2513 1835 2588 aditibus
1862 2531 2080 2616 capto
2107 2572 2129 2605 ‚

89 2630 180 2704 ab
233 2633 330 2705 iis
385 2655 622 2730 porro
667 2628 764 2702 ad
813 2631 1155 2730 primum
1210 2631 1583 2730 templum
1612 2683 1633 2723 ,
1682 2633 1777 2704 ab
1836 2633 1981 2705 hoc
2033 2631 2129 2702 ad

93 2747 374 2822 Juliani
419 2747 712 2820 curiam
755 2751 1038 2844 (quem
1085 2760 1428 2818 senatum
1456 2801 1478 2838 ‚
1517 2748 1939 2818 secundum
1981 2753 2129 2821 Au-

87 2866 282 2960 gusti
305 2865 968 2964 congregationem
987 2919 1011 2954 ,
1031 2869 1381 2958 vocant),
1404 2863 1733 2962 indeque
1754 2863 1847 2936 ad
1871 2862 2125 2938 forum

87 3003 530 3080 progressus
562 2996 672 3053 est
693 3035 714 3072 ,
747 2980 957 3081 quod
980 2983 1449 3080 Zeuxippum
1473 3007 1516 3052 a
1536 2983 1923 3082 Zeuxippo
1956 3008 2129 3081 rege

87 3117 360 3174 vocant
407 3156 432 3193 ,
500 3100 654 3173 sub·
693 3124 854 3200 quo
903 3103 1350 3200 octogesima
1395 3115 1650 3174 octava
1694 3102 2127 3201 olympiade

85 3219 646 3317 Megarensium
695 3219 992 3291 colonia
1035 3222 1477 3310 Byzantium
1530 3221 1793 3309 missa,
1833 3222 1912 3290 in
1965 3221 2130 3318 ejus

85 3333 468 3410 honorem
519 3333 772 3409 forum
834 3337 935 3408 ita
979 3333 1425 3438 adpellavit,
1484 3337 2128 3436 quemadmodum

83 3454 532 3528 Charidemi
571 3453 989 3554 porticibus
1010 3510 1031 3545 ,
1064 3458 1202 3554 qui
1223 3457 1591 3546 ,Cyzicum
1623 3455 2132 3528 condiderunt

78 3571 560 3675 Megarenses
589 3621 613 3662 ,
665 3595 946 3646 nomen
993 3596 1312 3673 posuere
1362 3603 1380 3644 ε
1420 3576 1702 3648 etenim
1735 3576 2129 3674 imperasse

157 3763 240 3841 5)
282 3761 454 3826 cod.
471 3785 740 3844 μισ-ναμε·
853 3793 862 3802 ·

153 3863 230 3935 6)
272 3851 450 3921 God.
469 3862 815 3943 χαριδὴμουέ.

163 3959 240 4038 7)
281 3957 470 4039 Lego
497 3961 799 4026 οἰκίσαντες.
891 3955 958 4036 8)
1000 3955 1164 4040 Lego
1186 3961 1275 4018 καὶ
1300 3960 1427 4040 γάρ.

1750 4051 1847 4124 36
