3050 5017
824 475 1065 562 lxxiv
1475 501 2237 556 commen-ramus

541 675 550 686 ·
619 669 748 712 ’τι
820 647 1166 744 Deinde,
1201 673 1432 724 voces
1455 645 1729 721 latinas
1753 701 1775 736 ,
1825 648 1887 720 si
1921 671 2092 742 quae
2125 641 2545 721 occurrunt
2561 687 2589 744 ‚·
2628 647 2881 726 literis
2924 635 2935 644 ’

475 765 485 774 ’
721 770 756 862 .’
787 781 1260 880 ‘majusculis
1288 781 1608 878 scripsit.
1642 775 1877 854 Unde
1910 779 2271 878 conjicio,
2320 780 2403 854 in
2438 783 2877 880 antiquiore
2935 777 2946 782 ’

671 922 743 934 “”
815 915 955 991 illo
979 942 1218 1016 graeca
1247 938 1557 1014 quoque
1588 909 1821 988 fuisse
1848 910 2305 1010 majusculis.
2342 912 2489 988 sed
2514 939 2656 1014 pro
2683 941 2874 1014 grae·

817 1049 926 1125 cis
943 1049 1378 1146 majusculis
1399 1045 1925 1145 Calligraphus
1944 1034 2397 1144 scripffiram
2414 1047 2715 1148 ligatam
2742 1052 2871 1124 sui

816 1183 1074 1260 saeculi
1103 1182 1457 1258 subtituit
1492 1209 1506 1254 ε
1542 1183 1680 1279 pro
1713 1180 1968 1256 latinis
2000 1206 2157 1255 non
2184 1182 2405 1278 item,
2468 1181 2675 1280 quod
2726 1210 2869 1258 ne-

815 1317 1098 1391 sciebat
1139 1315 1595 1412 scripturam
1620 1315 1919 1412 ligatam
1945 1314 2256 1388 latinam
2284 1341 2302 1390 :
2333 1341 2567 1412 quare
2606 1315 2867 1391 literas

813 1447 1081 1523 latinas
1124 1473 1276 1546 qua
1295 1445 1539 1521 forma
1567 1459 1780 1521 erant
1807 1448 1889 1523 in
1916 1449 2231 1546 antiquo
2260 1446 2519 1522 codice
2544 1503 2566 1545 ‚
2596 1447 2865 1526 eadem

813 1582 1188 1680 expressit
1261 1582 1347 1654 in
1411 1605 1576 1656 suo.
1634 1580 2069 1676 Postremo,
2144 1581 2385 1656 multa
2450 1594 2631 1656 sunt
2694 1585 2863 1680 ejus

811 1715 1130 1810 menda,
1183 1741 1353 1813 quae
1383 1711 1680 1790 facilius
1708 1713 2253 1812 admittuntur,
2305 1715 2371 1790 si
2408 1716 2641 1792 habes
2674 1731 2857 1792 ante

811 1847 1078 1924 oculos
1107 1845 1452 1936 codicem,
1473 1846 1909 1944 majusculas
1937 1848 2365 1947 scriptum,
2411 1874 2641 1948 quam
2674 1850 2741 1924 si
2762 1850 2858 1924 li-

807 1994 1016 2084 gatae.
1050 1981 1225 2056 Fol.
1256 1981 1648 2072 .51.verso,
1681 1977 1853 2054 edit.
1880 2005 2043 2079 pag.
2084 1979 2191 2057 26
2210 1981 2344 2056 lin.
2368 2005 2455 2055 21
2489 2039 2511 2078 ‚
2548 1984 2861 2082 scripsit

809 2122 1318 2218 προὸατορεύεται·
1375 2116 1555 2214 quia
1614 2116 1695 2190 in
1744 2139 2347 2190 ΠΡοΣΑΓοΡΕΥΕΤΔι
2394 2111 2613 2192 facile
2661 2145 2857 2194 eon-

685 2225 690 2230 ·
807 2250 1253 2326 funduntur
1279 2275 1314 2322 Σ
1351 2259 1425 2322 et
1447 2274 1524 2343 B,
1560 2273 1601 2322 r
1626 2258 1698 2322 et
1721 2272 1785 2319 Τ.
1820 2246 1985 2322 Pol.
2022 2249 2117 2349 59
2143 2235 2356 2354 verso
2388 2273 2551 2348 pag.
2586 2247 2685 2325 64
2713 2252 2853 2326 lin.

811 2381 1102 2484 penult.
1122 2385 1298 2462 λύλος
1321 2405 1464 2479 pro
1487 2403 1735 2469 ΑΥΛοο,
1756 2379 2048 2454 ratione
2070 2381 2319 2455 simili.
2344 2380 2512 2456 Fol.
2537 2381 2631 2459 56
2650 2401 2853 2460 recto

807 2543 974 2617 pag.
1016 2516 1152 2590 142
1197 2514 1334 2588 lin.
1379 2513 1841 2611 antepenult.
1880 2519 2115 2613 ῥονεῖσι·
2162 2516 2447 2614 quippe
2489 2518 2577 2591 in
2622 2543 2853 2596 mmm

805 2643 1493 2754 primumlhabuit
1523 2673 1663 2746 pro
1712 2673 1774 2723 r.
1818 2647 2389 2745 Ejusdemmodi
2438 2652 2849 2730 innumera

801 2798 999 2865 sunt.
1033 2785 1336 2878 Quib‘us
1371 2783 1599 2858 rebus
1636 2785 1991 2860 omnibus
2022 2785 2349 2861 inducor
2373 2798 2459 2861 ut
2491 2789 2837 2886 credam,

805 2945 970 2995 saec.
1022 2918 1322 2992 circiter
1369 2937 1522 3012 vn,
1559 2927 1642 2991 ut
1671 2919 2125 3016 praescripsi‚
2171 2915 2636 3018 fortasseque
2665 2925 2847 2998 satis

799 3055 1022 3131 bonoe
1072 3061 1272 3123 notae
1328 3045 1564 3122 fuisse
1607 3048 1827 3124 illum
1888 3048 2228 3126 codicem
2252 3107 2271 3146 ,
2328 3051 2537 3126 unde
2586 3071 2851 3132 noster

794 3183 1162 3262 manavit.
1218 3181 1486 3256 Nostri
1549 3193 1803 3257 autem
1857 3183 2133 3258 menda
2180 3185 2497 3266 Graecus
2560 3187 2845 3285 aliquis

795 3317 1052 3396 saeculi
1093 3337 1248 3389 xvt
1307 3313 1431 3392 vel
1493 3331 1685 3392 ἴχνη
1728 3317 1859 3416 (ut
1924 3342 2024 3390 ex
2090 3319 2465 3415 scriptura
2522 3320 2842 3419 colligo)

743 3429 748 3434 ’
795 3451 1165 3548 corrigere
1195 3459 1306 3520 est
1334 3459 1647 3522 conatus
1674 3429 2208 3546 :probabiliter
2232 3475 2829 3550 nonnunquam,

793 3581 925 3659 sed
961 3583 1409 3681 plerumque
1449 3577 1966 3655 infelicissime
2004 3605 2020 3652 :
2074 3605 2159 3653 ea
2208 3607 2481 3658 manus
2518 3585 2653 3659 illa
2680 3601 2836 3682 est,

791 3742 963 3817 quae
995 3715 1078 3788 in
1108 3713 1313 3787 notis
1345 3709 1696 3786 editionis
1728 3737 1889 3811 pag.
1922 3713 1989 3786 8.
2028 3712 2143 3788 18.
2167 3715 2284 3788 23.
2306 3719 2625 3826 97·‚114·
2658 3722 2833 3798 154.

798 3849 962 3925 156.
1015 3821 1178 3946 194.
1217 3869 1382 3920 202.
1437 3843 1606 3919 246.
1657 3845 1823 3919 254.
1859 3845 2022 3921 258.
2060 3847 2435 3921 recentior
2472 3853 2832 3929 nomina·
2973 3901 2975 3904 >

791 3994 940 4058 tur.
1003 3978 1289 4056 Eadem
1330 3980 1413 4052 in
1451 3987 1613 4054 toto
1646 3977 1846 4054 libro
1882 3977 1975 4052 de
2008 3979 2573 4079 Magistratibus
2616 3982 2833 4082 (nam
