3050 5017
755 393 848 472 iv·
1397 407 2163 463 conunnwsnms

755 557 1079 636 Iuniore
1101 554 1296 634 VV.
1322 555 1467 631 CC.
1500 556 1754 652 Coss„
1774 580 1979 635 anno
2002 580 2047 630 a
2072 550 2383 630 Christo
2410 561 2589 630 nato
2618 555 2848 652 quai

758 692 1354 794 dringentesimo
1409 691 1902 790 nonagesimo
1953 716 1972 762 ι
2017 687 2457 786 parentibus
2473 743 2497 785 ,
2550 713 2841 786 quan-

687 813 692 818 ⁵
760 839 932 902 tum
961 825 1233 924 conjici
1261 833 1545 923 potest,
1577 825 1783 898 inter
1809 823 2235 920 municipes
2258 847 2435 898 suos
2458 821 2841 921 locuple-

759 960 972 1054 tibus
989 971 1063 1034 et
1079 958 1483 1058 generosis.
1513 958 1784 1032 Primo
1804 967 1880 1030 et
1908 956 2283 1054 vigesimo
2306 954 2549 1032 aetatis
2576 979 2841 1048 anne,

761 1093 1054 1200 Christi
1085 1093 1224 1172 511
1256 1148 1279 1188 ,
1331 1091 1589 1167 Felice
1635 1090 1867 1166 Gallo
1890 1147 1913 1186 ‚
1958 1091 2109 1166 Fl..
2130 1089 2610 1168 Secundiano
2654 1087 2691 1188 (
2724 1099 2841 1162 ut

764 1229 1084 1308 fortasse
1119 1227 1609 1338 scribendum
1645 1239 1759 1303 >est
1788 1253 1930 1326 pro
1958 1224 2397 1304 Secundino
2420 1229 2504 1304 in
2536 1229 2626 1302 P.
2653 1225 2831 1300 Re.-

765 1362 982 1440 landi
1015 1364 1301 1457 Fastis,
1336 1364 1662 1458 Traiect.
1699 1363 1969 1439 Batav.
2010 1355 2203 1458 1715
2239 1415 2261 1452 ,
2305 1363 2377 1437 8.
2436 1387 2601 1462 pag.
2634 1360 2833 1462 679.

767 1497 1108 1599 itemque
1130 1494 1334 1594 apud
1359 1494 1699 1593 reliquos
1720 1519 1898 1569 eum
1922 1507 2469 1594 consequentes
2492 1519 2508 1568 ε
2540 1491 2837 1593 Lydus

769 1641 978 1720 certe
1011 1627 1107 1718 dc
1140 1628 1557 1726 Magistrat.
1598 1649 1714 1702 111.
1758 1625 1855 1704 26
1882 1681 1906 1722 ,
1962 1651 2127 1726 pag.
2182 1653 2349 1728 192.
2413 1626 2645 1702 habet
2696 1633 2831 1698 Σε-

769 1765 1148 1853 κουνδιανοῦ)
1180 1761 1396 1834 Coss.
1428 1759 2148 1859 Constantinopolin
2180 1759 2637 1860 demigravit
2656 1815 2680 1856 ,
2700 1759 2833 1834 in-

773 1923 930 2000 que
956 1919 1171 1978 sacro
1199 1871 1480 1994 palatio
1517 1896 1723 1972 inter
1750 1894 2241 1970 Memoriales
2260 1920 2421 1970 esse
2444 1893 2677 1992 coepit
2699 1920 2717 1968 ε
2740 1903 2841 1968 'et

735 2104 751 2132 χ
776 2029 1033 2132 (quod
1054 2041 1224 2107 tum
1248 2031 1406 2107 otio
1427 2028 1921 2128 abundabat),
1950 2029 2462 2130 philosophias
2484 2055 2839 2130 praecep·

743 2173 746 2178 ’
778 2174 948 2252 tore
979 2163 1097 2239 uti
1121 2162 1414 2262 Agapio
1440 2161 1935 2259 Atheniensi,
1980 2162 2241 2239 Procli
2272 2160 2691 2262 discipuloz
2726 2159 2837 2235 de

779 2321 943 2398 quo
968 2295 1242 2371 Suidas
1259 2349 1284 2390 ,
1338 2293 1516 2369 edit.¹
1540 2293 1849 2371 Kuster.
1872 2306 2053 2371 tom.
2086 2320 2153 2392 1,
2204 2322 2371 2395 pag.
2400 2321 2519 2372 22.
2548 2295 2843 2392 Neque

783 2429 925 2506 diu
955 2442 1209 2507 tamen
1237 2429 1523 2506 mansit
1552 2428 1639 2504 in
1676 2427 1828 2506 hoc
1848 2440 2074 2506 statu.
2118 2431 2428 2508 Etenim
2455 2455 2593 2531 per
2618 2426 2839 2506 idem

783 2576 1090 2664 tempus
1153 2561 1604 2638 Anastasius
1672 2560 1872 2661 Imp.
1942 2548 2401 2642 Praefectum
2457 2563 2837 2640 Praetorio

785 2699 1010 2798 jussit
1049 2696 1408 2772 Zoticum
1453 2693 2189 2798 Philadelphenum:
2218 2699 2435 2798 cujus
2463 2719 2839 2796 persuasu

791 2846 870 2910 et
894 2830 1217 2908 inductu
1241 2831 1465 2906 aliam
1494 2830 1581 2906 in
1616 2855 1769 2930 rep.
1802 2833 2013 2908 viam
2056 2845 2361 2910 secutus
2394 2844 2553 2909 est:
2588 2832 2841 2910 initiis

791 2964 1105 3066 quidem
1133 2976 1286 3038 tam
1315 2963 1701 3062 prosperis
1727 3021 1753 3060 ,
1784 2975 1871 3040 ut
1896 2965 1984 3041 in
2016 2965 2413 3044 cohortem
2432 2967 2603 3044 sive
2642 2963 2839 3040 Offi-

797 3102 1010 3178 cium
1059 3096 1363 3198 patroni
1395 3108 1747 3198 receptus
1780 3101 1979 3176 circa
2008 3125 2303 3178 annum
2334 3102 2480 3178 512
2538 3098 2573 3198 (
2602 3112 2690 3174 ut
2715 3087 2839 3175 v'i-

794 3230 1120 3334 detur),
1156 3228 1496 3308 celeriter
1528 3257 1689 3312 non
1714 3231 1808 3310 ad
1850 3236 2191 3310 notarios
2241 3232 2477 3311 modo
2527 3227 2832 3332 proefec·

795 3380 1008 3466 turae,
1024 3367 1466 3468 perveniret
1485 3425 1508 3466 ,
1556 3368 1700 3444 ‘sed
1746 3367 1842 3444 ad
1892 3370 2255 3469 pecunias
2280 3369 2508 3446 etiam
2540 3393 2837 3468 perma-

797 3527 984 3602 gnas
1011 3556 1034 3597 ,
1105 3498 1541 3599 solidosque
1615 3526 1883 3577 aureos
1957 3501 2365 3579 conficeret
2424 3529 2469 3578 e
2516 3527 2837 3580 munere

805 3658 950 3709 suo
977 3632 1214 3708 unius
1245 3634 1429 3708 anni
1461 3635 1706 3733 s'patio
1732 3632 1828 3710 ad
1846 3634 2059 3710 mille
2092 3661 2109 3708 ε
2138 3635 2373 3736 idque
2392 3637 2589 3734 juste
2618 3659 2707 3710 ac
2728 3633 2835 3708 le-

807 3766 1072 3868 gitime
1091 3823 1122 3871 ‚²
1177 3766 1827 3867 quemadmodum
1872 3768 2037 3868 ipse
2088 3782 2469 3848 asseverat
2526 3791 2646 3844 111.
2700 3795 2787 3866 27
2808 3825 2832 3866 ‚

810 3887 1171 4024 pagss194·
1206 3903 1377 3980 Nec
1410 3903 1669 3990 minus
1705 3903 2102 3984 commode
2146 3907 2221 3982 ei
2270 3899 2581 4001 cecidit,
2632 3899 2835 4002 quod
