<?xml version="1.0" encoding="UTF-8"?>
<!DOCTYPE html PUBLIC "-//W3C//DTD XHTML 1.0 Transitional//EN"
    "http://www.w3.org/TR/xhtml1/DTD/xhtml1-transitional.dtd">
<html xmlns="http://www.w3.org/1999/xhtml" xml:lang="en" lang="en">
 <head>
  <title>
</title>
<meta http-equiv="Content-Type" content="text/html;charset=utf-8" />
  <meta name='ocr-system' content='tesseract 3.04.00' />
  <meta name='ocr-capabilities' content='ocr_page ocr_carea ocr_par ocr_line ocrx_word'/>
</head>
<body>
  <div class='ocr_page' id='page_1' title='image "./joannislaurenti00hasegoog_0137.png"; bbox 0 0 3050 5017; ppageno 0'>
   <div class='ocr_carea' id='block_1_1' title="bbox 585 486 2272 565">
    <p class='ocr_par' dir='ltr' id='par_1_1' title="bbox 585 486 2272 565">
     <span class='ocr_line' id='line_1_1' title="bbox 585 486 2272 565; baseline 0.002 -30"><span class='ocrx_word' id='word_1_1' title='bbox 585 486 1163 537; x_wconf 72' lang='lat' dir='ltr'>nmPUBLICAE</span> <span class='ocrx_word' id='word_1_2' title='bbox 1213 488 1624 539; x_wconf 64' lang='lat' dir='ltr'><strong>ROMANAE</strong></span> <span class='ocrx_word' id='word_1_3' title='bbox 1673 487 1830 535; x_wconf 83' lang='lat' dir='ltr'>LIB.</span> <span class='ocrx_word' id='word_1_4' title='bbox 1883 488 1931 535; x_wconf 85' lang='lat'>1.</span> <span class='ocrx_word' id='word_1_5' title='bbox 2173 490 2272 565; x_wconf 81' lang='lat'>29</span> 
     </span>
    </p>
   </div>
   <div class='ocr_carea' id='block_1_2' title="bbox 214 592 2344 2097">
    <p class='ocr_par' dir='ltr' id='par_1_2' title="bbox 214 592 2344 2097">
     <span class='ocr_line' id='line_1_2' title="bbox 214 592 2276 698; baseline 0.001 -33"><span class='ocrx_word' id='word_1_6' title='bbox 214 592 459 687; x_wconf 77' lang='lat' dir='ltr'>denS‚</span> <span class='ocrx_word' id='word_1_7' title='bbox 508 612 583 669; x_wconf 91' lang='lat' dir='ltr'>et</span> <span class='ocrx_word' id='word_1_8' title='bbox 620 598 869 695; x_wconf 87' lang='lat' dir='ltr'>jacula</span> <span class='ocrx_word' id='word_1_9' title='bbox 918 602 1000 671; x_wconf 89' lang='lat' dir='ltr'>in</span> <span class='ocrx_word' id='word_1_10' title='bbox 1038 597 1293 670; x_wconf 83' lang='lat' dir='ltr'>dextra</span> <span class='ocrx_word' id='word_1_11' title='bbox 1347 597 1504 671; x_wconf 90' lang='lat' dir='ltr'>duo</span> <span class='ocrx_word' id='word_1_12' title='bbox 1537 653 1560 691; x_wconf 90' lang='lat'>‚</span> <span class='ocrx_word' id='word_1_13' title='bbox 1601 598 1750 671; x_wconf 89' lang='lat' dir='ltr'>lata</span> <span class='ocrx_word' id='word_1_14' title='bbox 1787 594 2098 698; x_wconf 87' lang='lat' dir='ltr'>cuspide</span> <span class='ocrx_word' id='word_1_15' title='bbox 2123 651 2147 687; x_wconf 90' lang='lat'>,</span> <span class='ocrx_word' id='word_1_16' title='bbox 2197 612 2276 669; x_wconf 89' lang='lat' dir='ltr'>et</span> 
     </span>
     <span class='ocr_line' id='line_1_3' title="bbox 218 710 2275 814; baseline 0.002 -33"><span class='ocrx_word' id='word_1_17' title='bbox 218 710 597 785; x_wconf 84' lang='lat' dir='ltr'>tibiarum</span> <span class='ocrx_word' id='word_1_18' title='bbox 628 729 1060 813; x_wconf 86' lang='lat' dir='ltr'>tegumenta</span> <span class='ocrx_word' id='word_1_19' title='bbox 1086 728 1279 787; x_wconf 85' lang='lat' dir='ltr'>texta</span> <span class='ocrx_word' id='word_1_20' title='bbox 1296 769 1317 806; x_wconf 91' lang='lat'>‚</span> <span class='ocrx_word' id='word_1_21' title='bbox 1346 716 1562 814; x_wconf 85' lang='lat' dir='ltr'>nigra</span> <span class='ocrx_word' id='word_1_22' title='bbox 1583 769 1605 806; x_wconf 90' lang='lat'>‚</span> <span class='ocrx_word' id='word_1_23' title='bbox 1643 730 1718 789; x_wconf 89' lang='lat' dir='ltr'>et</span> <span class='ocrx_word' id='word_1_24' title='bbox 1743 714 2275 802; x_wconf 79' lang='lat' dir='ltr'>calceamenta,</span> 
     </span>
     <span class='ocr_line' id='line_1_4' title="bbox 218 829 2276 931; baseline 0 -31"><span class='ocrx_word' id='word_1_25' title='bbox 218 854 405 926; x_wconf 83' lang='lat' dir='ltr'>quae</span> <span class='ocrx_word' id='word_1_26' title='bbox 454 831 687 903; x_wconf 85' lang='lat' dir='ltr'>Graeci</span> <span class='ocrx_word' id='word_1_27' title='bbox 724 836 983 930; x_wconf 67' lang='grc' dir='ltr'>ἀρὸύλας</span> <span class='ocrx_word' id='word_1_28' title='bbox 1013 886 1036 921; x_wconf 83' lang='grc'><em>,</em></span> <span class='ocrx_word' id='word_1_29' title='bbox 1096 834 1416 903; x_wconf 88' lang='lat' dir='ltr'>Romani</span> <span class='ocrx_word' id='word_1_30' title='bbox 1462 829 1776 931; x_wconf 87' lang='lat' dir='ltr'>garbula</span> <span class='ocrx_word' id='word_1_31' title='bbox 1814 847 1890 903; x_wconf 88' lang='lat' dir='ltr'>et</span> <span class='ocrx_word' id='word_1_32' title='bbox 1937 829 2276 931; x_wconf 84' lang='lat' dir='ltr'><strong>crepidas</strong></span> 
     </span>
     <span class='ocr_line' id='line_1_5' title="bbox 220 948 2274 1047; baseline 0 -30"><span class='ocrx_word' id='word_1_33' title='bbox 220 962 552 1045; x_wconf 77' lang='lat' dir='ltr'>vocant3</span> <span class='ocrx_word' id='word_1_34' title='bbox 580 968 830 1047; x_wconf 88' lang='lat' dir='ltr'>neque</span> <span class='ocrx_word' id='word_1_35' title='bbox 850 948 1005 1021; x_wconf 85' lang='lat' dir='ltr'>haec</span> <span class='ocrx_word' id='word_1_36' title='bbox 1031 973 1205 1022; x_wconf 89' lang='lat' dir='ltr'>casu</span> <span class='ocrx_word' id='word_1_37' title='bbox 1234 964 1602 1023; x_wconf 87' lang='lat' dir='ltr'>temereve</span> <span class='ocrx_word' id='word_1_38' title='bbox 1629 952 1951 1022; x_wconf 87' lang='lat' dir='ltr'>:etenim</span> <span class='ocrx_word' id='word_1_39' title='bbox 1981 951 2064 1021; x_wconf 91' lang='lat' dir='ltr'>in</span> <span class='ocrx_word' id='word_1_40' title='bbox 2095 950 2274 1019; x_wconf 87' lang='lat' dir='ltr'>ima·</span> 
     </span>
     <span class='ocr_line' id='line_1_6' title="bbox 220 1062 2278 1165; baseline 0 -33"><span class='ocrx_word' id='word_1_41' title='bbox 220 1062 547 1159; x_wconf 85' lang='lat' dir='ltr'>ginibus</span> <span class='ocrx_word' id='word_1_42' title='bbox 604 1068 1041 1155; x_wconf 89' lang='lat' dir='ltr'>Terentius,</span> <span class='ocrx_word' id='word_1_43' title='bbox 1092 1069 1546 1165; x_wconf 85' lang='lat' dir='ltr'>cognomine</span> <span class='ocrx_word' id='word_1_44' title='bbox 1589 1071 1826 1139; x_wconf 88' lang='lat' dir='ltr'>Varro</span> <span class='ocrx_word' id='word_1_45' title='bbox 1880 1064 2278 1162; x_wconf 88' lang='lat' dir='ltr'>(Varronis</span> 
     </span>
     <span class='ocr_line' id='line_1_7' title="bbox 220 1167 2344 1289; baseline 0.001 -40"><span class='ocrx_word' id='word_1_46' title='bbox 220 1203 417 1251; x_wconf 79' lang='lat' dir='ltr'>vero</span> <span class='ocrx_word' id='word_1_47' title='bbox 452 1206 871 1289; x_wconf 81' lang='lat' dir='ltr'>cognomen</span> <span class='ocrx_word' id='word_1_48' title='bbox 908 1182 1184 1255; x_wconf 88' lang='lat' dir='ltr'>Celtica</span> <span class='ocrx_word' id='word_1_49' title='bbox 1212 1182 1474 1283; x_wconf 85' lang='lat' dir='ltr'>lingua</span> <span class='ocrx_word' id='word_1_50' title='bbox 1500 1198 1938 1269; x_wconf 89' lang='lat' dir='ltr'>strenuum,</span> <span class='ocrx_word' id='word_1_51' title='bbox 1961 1194 2038 1253; x_wconf 89' lang='lat' dir='ltr'>et</span> <span class='ocrx_word' id='word_1_52' title='bbox 2065 1178 2277 1251; x_wconf 83' lang='lat' dir='ltr'>Phoe·</span> <span class='ocrx_word' id='word_1_53' title='bbox 2341 1167 2344 1173; x_wconf 40' lang='lat'>¹</span> 
     </span>
     <span class='ocr_line' id='line_1_8' title="bbox 228 1282 2278 1393; baseline 0.002 -28"><span class='ocrx_word' id='word_1_54' title='bbox 228 1296 441 1369; x_wconf 87' lang='lat' dir='ltr'>nicia</span> <span class='ocrx_word' id='word_1_55' title='bbox 496 1282 842 1371; x_wconf 70' lang='lat' dir='ltr'>Judaeuni</span> <span class='ocrx_word' id='word_1_56' title='bbox 908 1315 1173 1391; x_wconf 85' lang='lat' dir='ltr'>sonat,</span> <span class='ocrx_word' id='word_1_57' title='bbox 1255 1316 1346 1372; x_wconf 87' lang='lat' dir='ltr'>ut</span> <span class='ocrx_word' id='word_1_58' title='bbox 1392 1316 1707 1373; x_wconf 87' lang='lat' dir='ltr'>testatur</span> <span class='ocrx_word' id='word_1_59' title='bbox 1755 1296 2278 1393; x_wconf 85' lang='lat' dir='ltr'>Herennius),</span> 
     </span>
     <span class='ocr_line' id='line_1_9' title="bbox 224 1414 2278 1515; baseline 0 -32"><span class='ocrx_word' id='word_1_60' title='bbox 224 1415 543 1486; x_wconf 82' lang='lat' dir='ltr'>AEneam</span> <span class='ocrx_word' id='word_1_61' title='bbox 570 1418 673 1487; x_wconf 83' lang='lat' dir='ltr'>ita</span> <span class='ocrx_word' id='word_1_62' title='bbox 706 1431 1062 1489; x_wconf 89' lang='lat' dir='ltr'>ornatum</span> <span class='ocrx_word' id='word_1_63' title='bbox 1100 1418 1183 1488; x_wconf 91' lang='lat' dir='ltr'>in</span> <span class='ocrx_word' id='word_1_64' title='bbox 1212 1417 1501 1513; x_wconf 87' lang='lat' dir='ltr'>Italiam</span> <span class='ocrx_word' id='word_1_65' title='bbox 1543 1417 1727 1489; x_wconf 86' lang='lat' dir='ltr'>olim</span> <span class='ocrx_word' id='word_1_66' title='bbox 1749 1414 2051 1515; x_wconf 56' lang='lat' dir='ltr'>:venisse</span> <span class='ocrx_word' id='word_1_67' title='bbox 2079 1428 2278 1487; x_wconf 89' lang='lat' dir='ltr'>retu-</span> 
     </span>
     <span class='ocr_line' id='line_1_10' title="bbox 228 1524 2277 1631; baseline 0 -30"><span class='ocrx_word' id='word_1_68' title='bbox 228 1530 323 1603; x_wconf 91' lang='lat' dir='ltr'>lit</span> <span class='ocrx_word' id='word_1_69' title='bbox 358 1586 379 1621; x_wconf 86' lang='lat'><strong>,</strong></span> <span class='ocrx_word' id='word_1_70' title='bbox 402 1534 555 1605; x_wconf 85' lang='lat' dir='ltr'>visa</span> <span class='ocrx_word' id='word_1_71' title='bbox 574 1587 595 1623; x_wconf 87' lang='lat'><strong>,</strong></span> <span class='ocrx_word' id='word_1_72' title='bbox 620 1550 709 1605; x_wconf 91' lang='lat' dir='ltr'>ut</span> <span class='ocrx_word' id='word_1_73' title='bbox 738 1535 844 1607; x_wconf 87' lang='lat' dir='ltr'>ait</span> <span class='ocrx_word' id='word_1_74' title='bbox 869 1589 890 1625; x_wconf 86' lang='lat'><strong>,</strong></span> <span class='ocrx_word' id='word_1_75' title='bbox 921 1533 1122 1607; x_wconf 86' lang='lat' dir='ltr'>Albae</span> <span class='ocrx_word' id='word_1_76' title='bbox 1143 1590 1167 1625; x_wconf 82' lang='lat'><em>,</em></span> <span class='ocrx_word' id='word_1_77' title='bbox 1206 1535 1301 1605; x_wconf 89' lang='lat' dir='ltr'>ad</span> <span class='ocrx_word' id='word_1_78' title='bbox 1326 1524 1612 1607; x_wconf 81' lang='lat' dir='ltr'>fontem</span> <span class='ocrx_word' id='word_1_79' title='bbox 1633 1589 1654 1625; x_wconf 86' lang='lat'><strong>,</strong></span> <span class='ocrx_word' id='word_1_80' title='bbox 1692 1535 2020 1631; x_wconf 84' lang='lat' dir='ltr'>imagine</span> <span class='ocrx_word' id='word_1_81' title='bbox 2042 1532 2205 1627; x_wconf 88' lang='lat' dir='ltr'>ejus</span> <span class='ocrx_word' id='word_1_82' title='bbox 2235 1554 2277 1601; x_wconf 89' lang='lat' dir='ltr'>e</span> 
     </span>
     <span class='ocr_line' id='line_1_11' title="bbox 234 1646 2280 1751; baseline 0 -35"><span class='ocrx_word' id='word_1_83' title='bbox 234 1646 493 1745; x_wconf 85' lang='lat' dir='ltr'>lapide</span> <span class='ocrx_word' id='word_1_84' title='bbox 526 1650 849 1723; x_wconf 84' lang='lat' dir='ltr'>candido</span> <span class='ocrx_word' id='word_1_85' title='bbox 880 1650 1181 1750; x_wconf 88' lang='lat' dir='ltr'>scalpta.</span> <span class='ocrx_word' id='word_1_86' title='bbox 1222 1654 1395 1743; x_wconf 90' lang='lat' dir='ltr'>Quo</span> <span class='ocrx_word' id='word_1_87' title='bbox 1434 1651 1749 1751; x_wconf 89' lang='lat' dir='ltr'>quidem</span> <span class='ocrx_word' id='word_1_88' title='bbox 1795 1648 1992 1721; x_wconf 88' lang='lat' dir='ltr'>nihil</span> <span class='ocrx_word' id='word_1_89' title='bbox 2025 1648 2280 1719; x_wconf 82' lang='lat' dir='ltr'>verius</span> 
     </span>
     <span class='ocr_line' id='line_1_12' title="bbox 232 1765 2278 1863; baseline -0 -28"><span class='ocrx_word' id='word_1_90' title='bbox 232 1768 357 1837; x_wconf 69' lang='lat' dir='ltr'>est</span> <span class='ocrx_word' id='word_1_91' title='bbox 404 1792 421 1835; x_wconf 79' lang='grc' dir='ltr'><strong><em>ε</em></strong></span> <span class='ocrx_word' id='word_1_92' title='bbox 476 1790 655 1839; x_wconf 90' lang='lat' dir='ltr'>nam</span> <span class='ocrx_word' id='word_1_93' title='bbox 690 1782 767 1839; x_wconf 90' lang='lat' dir='ltr'>et</span> <span class='ocrx_word' id='word_1_94' title='bbox 797 1772 1313 1841; x_wconf 88' lang='lat' dir='ltr'>Romanorum</span> <span class='ocrx_word' id='word_1_95' title='bbox 1358 1784 1559 1843; x_wconf 77' lang='lat' dir='ltr'>vates</span> <span class='ocrx_word' id='word_1_96' title='bbox 1581 1824 1604 1861; x_wconf 90' lang='lat'><strong>,</strong></span> <span class='ocrx_word' id='word_1_97' title='bbox 1662 1771 1746 1841; x_wconf 89' lang='lat' dir='ltr'>in</span> <span class='ocrx_word' id='word_1_98' title='bbox 1780 1766 1977 1839; x_wconf 90' lang='lat' dir='ltr'>libro</span> <span class='ocrx_word' id='word_1_99' title='bbox 2023 1765 2278 1863; x_wconf 91' lang='lat' dir='ltr'>primo</span> 
     </span>
     <span class='ocr_line' id='line_1_13' title="bbox 233 1880 2280 1984; baseline 0 -33"><span class='ocrx_word' id='word_1_100' title='bbox 233 1882 635 1971; x_wconf 85' lang='lat' dir='ltr'>AEneidos,</span> <span class='ocrx_word' id='word_1_101' title='bbox 674 1885 1025 1957; x_wconf 88' lang='lat' dir='ltr'>eumdem</span> <span class='ocrx_word' id='word_1_102' title='bbox 1060 1888 1161 1959; x_wconf 85' lang='lat' dir='ltr'>ita</span> <span class='ocrx_word' id='word_1_103' title='bbox 1194 1902 1591 1978; x_wconf 86' lang='lat' dir='ltr'>ornatum,</span> <span class='ocrx_word' id='word_1_104' title='bbox 1632 1908 1966 1984; x_wconf 90' lang='lat' dir='ltr'>cumque</span> <span class='ocrx_word' id='word_1_105' title='bbox 2000 1880 2280 1953; x_wconf 84' lang='lat' dir='ltr'><strong>Achate</strong></span> 
     </span>
     <span class='ocr_line' id='line_1_14' title="bbox 238 1998 2283 2097; baseline -0.001 -28"><span class='ocrx_word' id='word_1_106' title='bbox 238 1999 323 2071; x_wconf 88' lang='lat' dir='ltr'>in</span> <span class='ocrx_word' id='word_1_107' title='bbox 385 1998 619 2092; x_wconf 78' lang='lat' dir='ltr'>Libya</span> <span class='ocrx_word' id='word_1_108' title='bbox 671 2016 1045 2075; x_wconf 83' lang='lat' dir='ltr'>errantem</span> <span class='ocrx_word' id='word_1_109' title='bbox 1095 2002 1421 2075; x_wconf 83' lang='lat' dir='ltr'>induxit.</span> <span class='ocrx_word' id='word_1_110' title='bbox 1474 2010 1809 2075; x_wconf 86' lang='lat' dir='ltr'>Sarracas</span> <span class='ocrx_word' id='word_1_111' title='bbox 1858 2022 2036 2072; x_wconf 85' lang='lat' dir='ltr'>vero</span> <span class='ocrx_word' id='word_1_112' title='bbox 2079 1998 2283 2097; x_wconf 85' lang='lat' dir='ltr'>pacis</span> 
     </span>
    </p>
   </div>
   <div class='ocr_carea' id='block_1_3' title="bbox 240 2119 2376 3388">
    <p class='ocr_par' dir='ltr' id='par_1_3' title="bbox 240 2119 2376 3388">
     <span class='ocr_line' id='line_1_15' title="bbox 240 2119 2281 2225; baseline -0.001 -35"><span class='ocrx_word' id='word_1_113' title='bbox 240 2133 669 2218; x_wconf 88' lang='lat' dir='ltr'>tempore..</span> <span class='ocrx_word' id='word_1_114' title='bbox 698 2178 713 2194; x_wconf 87' lang='lat'><strong>.</strong></span> <span class='ocrx_word' id='word_1_115' title='bbox 772 2120 867 2195; x_wconf 90' lang='lat' dir='ltr'>ab</span> <span class='ocrx_word' id='word_1_116' title='bbox 933 2122 1273 2196; x_wconf 91' lang='lat' dir='ltr'>humeris</span> <span class='ocrx_word' id='word_1_117' title='bbox 1314 2149 1642 2225; x_wconf 89' lang='lat' dir='ltr'>superne</span> <span class='ocrx_word' id='word_1_118' title='bbox 1693 2121 1786 2195; x_wconf 90' lang='lat' dir='ltr'>ad</span> <span class='ocrx_word' id='word_1_119' title='bbox 1845 2119 2068 2193; x_wconf 87' lang='lat' dir='ltr'>tibias</span> <span class='ocrx_word' id='word_1_120' title='bbox 2116 2141 2281 2217; x_wconf 89' lang='lat' dir='ltr'>per·</span> 
     </span>
     <span class='ocr_line' id='line_1_16' title="bbox 243 2237 2284 2339; baseline -0.002 -32"><span class='ocrx_word' id='word_1_121' title='bbox 243 2237 612 2329; x_wconf 79' lang='lat' dir='ltr'>tinentes,</span> <span class='ocrx_word' id='word_1_122' title='bbox 665 2238 1023 2337; x_wconf 83' lang='lat' dir='ltr'>gerebant</span> <span class='ocrx_word' id='word_1_123' title='bbox 1048 2293 1070 2330; x_wconf 90' lang='lat'>‚</span> <span class='ocrx_word' id='word_1_124' title='bbox 1122 2266 1441 2339; x_wconf 89' lang='lat' dir='ltr'>peronas</span> <span class='ocrx_word' id='word_1_125' title='bbox 1478 2264 1648 2313; x_wconf 84' lang='lat' dir='ltr'>suas</span> <span class='ocrx_word' id='word_1_126' title='bbox 1675 2294 1697 2329; x_wconf 90' lang='lat'><strong>,</strong></span> <span class='ocrx_word' id='word_1_127' title='bbox 1751 2262 1940 2338; x_wconf 89' lang='lat' dir='ltr'>quas</span> <span class='ocrx_word' id='word_1_128' title='bbox 1973 2247 2284 2323; x_wconf 83' lang='lat' dir='ltr'>vocant,</span> 
     </span>
     <span class='ocr_line' id='line_1_17' title="bbox 240 2350 2287 2457; baseline -0.001 -34"><span class='ocrx_word' id='word_1_129' title='bbox 240 2367 638 2446; x_wconf 78' lang='lat' dir='ltr'>ornanteS,</span> <span class='ocrx_word' id='word_1_130' title='bbox 666 2353 1075 2455; x_wconf 78' lang='lat' dir='ltr'>glebasque</span> <span class='ocrx_word' id='word_1_131' title='bbox 1106 2382 1229 2429; x_wconf 88' lang='lat' dir='ltr'>eas</span> <span class='ocrx_word' id='word_1_132' title='bbox 1250 2412 1273 2448; x_wconf 87' lang='lat'>‚</span> <span class='ocrx_word' id='word_1_133' title='bbox 1306 2356 1383 2428; x_wconf 90' lang='lat' dir='ltr'>id</span> <span class='ocrx_word' id='word_1_134' title='bbox 1412 2372 1522 2430; x_wconf 87' lang='lat' dir='ltr'>est</span> <span class='ocrx_word' id='word_1_135' title='bbox 1541 2412 1561 2449; x_wconf 88' lang='lat'><strong>,</strong></span> <span class='ocrx_word' id='word_1_136' title='bbox 1599 2355 1830 2457; x_wconf 88' lang='lat' dir='ltr'>pelles</span> <span class='ocrx_word' id='word_1_137' title='bbox 1852 2408 1874 2445; x_wconf 93' lang='lat'>‚</span> <span class='ocrx_word' id='word_1_138' title='bbox 1907 2350 2287 2451; x_wconf 90' lang='lat' dir='ltr'>adpellan-</span> 
     </span>
     <span class='ocr_line' id='line_1_18' title="bbox 244 2468 2286 2574; baseline -0 -33"><span class='ocrx_word' id='word_1_139' title='bbox 244 2483 393 2561; x_wconf 82' lang='lat' dir='ltr'>tes3</span> <span class='ocrx_word' id='word_1_140' title='bbox 439 2473 617 2569; x_wconf 87' lang='lat' dir='ltr'>quia</span> <span class='ocrx_word' id='word_1_141' title='bbox 654 2470 957 2570; x_wconf 86' lang='lat' dir='ltr'>globare</span> <span class='ocrx_word' id='word_1_142' title='bbox 996 2475 1315 2547; x_wconf 89' lang='lat' dir='ltr'>Romani</span> <span class='ocrx_word' id='word_1_143' title='bbox 1354 2481 1419 2548; x_wconf 83' lang='grc' dir='ltr'>τὸ</span> <span class='ocrx_word' id='word_1_144' title='bbox 1460 2480 1708 2573; x_wconf 77' lang='grc' dir='ltr'><em>ἐκδεῖραι</em></span> <span class='ocrx_word' id='word_1_145' title='bbox 1745 2469 2156 2574; x_wconf 66' lang='lat' dir='ltr'>(glubere)</span> <span class='ocrx_word' id='word_1_146' title='bbox 2178 2468 2286 2540; x_wconf 89' lang='lat' dir='ltr'>di-</span> 
     </span>
     <span class='ocr_line' id='line_1_19' title="bbox 246 2590 2288 2694; baseline 0 -34"><span class='ocrx_word' id='word_1_147' title='bbox 246 2604 460 2661; x_wconf 90' lang='lat' dir='ltr'>cunt.</span> <span class='ocrx_word' id='word_1_148' title='bbox 500 2594 762 2690; x_wconf 85' lang='lat' dir='ltr'>Neque</span> <span class='ocrx_word' id='word_1_149' title='bbox 789 2594 1069 2667; x_wconf 86' lang='lat' dir='ltr'>milites</span> <span class='ocrx_word' id='word_1_150' title='bbox 1097 2608 1397 2668; x_wconf 87' lang='lat' dir='ltr'>tantum</span> <span class='ocrx_word' id='word_1_151' title='bbox 1429 2598 1837 2694; x_wconf 85' lang='lat' dir='ltr'>armigeros</span> <span class='ocrx_word' id='word_1_152' title='bbox 1881 2597 1982 2665; x_wconf 88' lang='lat' dir='ltr'>ita</span> <span class='ocrx_word' id='word_1_153' title='bbox 2029 2590 2288 2665; x_wconf 88' lang='lat' dir='ltr'>ornari</span> 
     </span>
     <span class='ocr_line' id='line_1_20' title="bbox 247 2704 2288 2812; baseline 0.001 -37"><span class='ocrx_word' id='word_1_154' title='bbox 247 2707 484 2777; x_wconf 85' lang='lat' dir='ltr'>moris</span> <span class='ocrx_word' id='word_1_155' title='bbox 554 2704 747 2799; x_wconf 86' lang='lat' dir='ltr'>fuit-,</span> <span class='ocrx_word' id='word_1_156' title='bbox 804 2710 933 2783; x_wconf 90' lang='lat' dir='ltr'>sed</span> <span class='ocrx_word' id='word_1_157' title='bbox 990 2713 1477 2812; x_wconf 88' lang='lat' dir='ltr'>imperatores</span> <span class='ocrx_word' id='word_1_158' title='bbox 1527 2736 1858 2812; x_wconf 89' lang='lat' dir='ltr'>quoque.</span> <span class='ocrx_word' id='word_1_159' title='bbox 1924 2708 2288 2783; x_wconf 88' lang='lat' dir='ltr'>Hodierni</span> 
     </span>
     <span class='ocr_line' id='line_1_21' title="bbox 248 2824 2376 2931; baseline 0 -38"><span class='ocrx_word' id='word_1_160' title='bbox 248 2836 504 2895; x_wconf 84' lang='lat' dir='ltr'>autem</span> <span class='ocrx_word' id='word_1_161' title='bbox 553 2824 831 2899; x_wconf 87' lang='lat' dir='ltr'>milites</span> <span class='ocrx_word' id='word_1_162' title='bbox 882 2854 1063 2901; x_wconf 87' lang='lat' dir='ltr'>cum</span> <span class='ocrx_word' id='word_1_163' title='bbox 1106 2829 1498 2923; x_wconf 77' lang='lat' dir='ltr'>barbaroS,</span> <span class='ocrx_word' id='word_1_164' title='bbox 1566 2830 1802 2931; x_wconf 89' lang='lat' dir='ltr'>hique</span> <span class='ocrx_word' id='word_1_165' title='bbox 1847 2828 2015 2901; x_wconf 89' lang='lat' dir='ltr'>illos</span> <span class='ocrx_word' id='word_1_166' title='bbox 2060 2851 2288 2899; x_wconf 85' lang='lat' dir='ltr'>aemu-</span> <span class='ocrx_word' id='word_1_167' title='bbox 2359 2878 2376 2893; x_wconf 92' lang='lat'>.</span> 
     </span>
     <span class='ocr_line' id='line_1_22' title="bbox 252 2926 2287 3043; baseline 0.002 -31"><span class='ocrx_word' id='word_1_168' title='bbox 252 2934 546 3032; x_wconf 84' lang='lat' dir='ltr'>lentur,</span> <span class='ocrx_word' id='word_1_169' title='bbox 574 2926 750 3015; x_wconf 85' lang='lat' dir='ltr'>solis</span> <span class='ocrx_word' id='word_1_170' title='bbox 771 2943 1041 3043; x_wconf 83' lang='lat' dir='ltr'>palatii</span> <span class='ocrx_word' id='word_1_171' title='bbox 1069 2947 1513 3020; x_wconf 86' lang='lat' dir='ltr'>custodibus</span> <span class='ocrx_word' id='word_1_172' title='bbox 1541 2944 2050 3039; x_wconf 76' lang='lat' dir='ltr'>(excubitores</span> <span class='ocrx_word' id='word_1_173' title='bbox 2075 2968 2120 3017; x_wconf 89' lang='lat' dir='ltr'>a</span> <span class='ocrx_word' id='word_1_174' title='bbox 2149 2948 2287 3016; x_wconf 88' lang='lat' dir='ltr'>Ro-</span> 
     </span>
     <span class='ocr_line' id='line_1_23' title="bbox 252 3058 2292 3162; baseline 0.001 -35"><span class='ocrx_word' id='word_1_175' title='bbox 252 3058 501 3129; x_wconf 87' lang='lat' dir='ltr'>manis</span> <span class='ocrx_word' id='word_1_176' title='bbox 534 3068 944 3152; x_wconf 83' lang='lat' dir='ltr'>vocantur,</span> <span class='ocrx_word' id='word_1_177' title='bbox 1000 3061 1076 3132; x_wconf 92' lang='lat' dir='ltr'>id</span> <span class='ocrx_word' id='word_1_178' title='bbox 1134 3078 1279 3153; x_wconf 87' lang='lat' dir='ltr'>est,</span> <span class='ocrx_word' id='word_1_179' title='bbox 1338 3064 1681 3137; x_wconf 86' lang='lat' dir='ltr'>custodes</span> <span class='ocrx_word' id='word_1_180' title='bbox 1733 3063 1994 3162; x_wconf 80' lang='lat' dir='ltr'>vigiles</span> <span class='ocrx_word' id='word_1_181' title='bbox 2025 3116 2048 3155; x_wconf 90' lang='lat'><strong>,</strong></span> <span class='ocrx_word' id='word_1_182' title='bbox 2097 3081 2292 3159; x_wconf 89' lang='lat' dir='ltr'>quos</span> 
     </span>
     <span class='ocr_line' id='line_1_24' title="bbox 254 3173 2292 3274; baseline 0.002 -31"><span class='ocrx_word' id='word_1_183' title='bbox 254 3175 552 3271; x_wconf 86' lang='lat' dir='ltr'>primus</span> <span class='ocrx_word' id='word_1_184' title='bbox 592 3190 764 3274; x_wconf 87' lang='lat' dir='ltr'>post</span> <span class='ocrx_word' id='word_1_185' title='bbox 806 3178 1219 3253; x_wconf 86' lang='lat' dir='ltr'>Romulum</span> <span class='ocrx_word' id='word_1_186' title='bbox 1252 3180 1596 3253; x_wconf 88' lang='lat' dir='ltr'>Tiberius</span> <span class='ocrx_word' id='word_1_187' title='bbox 1641 3186 1873 3253; x_wconf 81' lang='lat' dir='ltr'>Caesar</span> <span class='ocrx_word' id='word_1_188' title='bbox 1918 3173 2292 3272; x_wconf 88' lang='lat' dir='ltr'>instituit)</span> 
     </span>
     <span class='ocr_line' id='line_1_25' title="bbox 258 3288 2296 3388; baseline 0.003 -27"><span class='ocrx_word' id='word_1_189' title='bbox 258 3288 385 3363; x_wconf 89' lang='lat' dir='ltr'>ille</span> <span class='ocrx_word' id='word_1_190' title='bbox 422 3307 732 3367; x_wconf 85' lang='lat' dir='ltr'>ornatus</span> <span class='ocrx_word' id='word_1_191' title='bbox 758 3296 1037 3367; x_wconf 84' lang='lat' dir='ltr'>mansit</span> <span class='ocrx_word' id='word_1_192' title='bbox 1057 3348 1079 3385; x_wconf 86' lang='lat'><strong>,</strong></span> <span class='ocrx_word' id='word_1_193' title='bbox 1123 3321 1166 3367; x_wconf 91' lang='lat' dir='ltr'>a</span> <span class='ocrx_word' id='word_1_194' title='bbox 1197 3295 1562 3388; x_wconf 88' lang='lat' dir='ltr'>Romu10‚</span> <span class='ocrx_word' id='word_1_195' title='bbox 1602 3311 1694 3368; x_wconf 90' lang='lat' dir='ltr'>ut</span> <span class='ocrx_word' id='word_1_196' title='bbox 1715 3296 1909 3386; x_wconf 77' lang='lat' dir='ltr'>dixi,</span> <span class='ocrx_word' id='word_1_197' title='bbox 1941 3295 2040 3368; x_wconf 89' lang='lat' dir='ltr'>ab</span> <span class='ocrx_word' id='word_1_198' title='bbox 2066 3296 2296 3369; x_wconf 79' lang='lat' dir='ltr'>AEnea</span> 
     </span>
    </p>
   </div>
   <div class='ocr_carea' id='block_1_4' title="bbox 251 3520 2300 4018">
    <p class='ocr_par' dir='ltr' id='par_1_4' title="bbox 251 3520 2300 3901">
     <span class='ocr_line' id='line_1_26' title="bbox 256 3520 2296 3608; baseline 0.002 -29"><span class='ocrx_word' id='word_1_199' title='bbox 256 3521 563 3581; x_wconf 82' lang='lat' dir='ltr'>recentior</span> <span class='ocrx_word' id='word_1_200' title='bbox 584 3542 799 3583; x_wconf 78' lang='lat' dir='ltr'>manus</span> <span class='ocrx_word' id='word_1_201' title='bbox 826 3522 1171 3585; x_wconf 78' lang='lat' dir='ltr'>emendavit</span> <span class='ocrx_word' id='word_1_202' title='bbox 1196 3526 1447 3608; x_wconf 69' lang='grc' dir='ltr'><strong>,θυρεοὺςς</strong></span> <span class='ocrx_word' id='word_1_203' title='bbox 1483 3522 1586 3583; x_wconf 82' lang='lat' dir='ltr'>sed</span> <span class='ocrx_word' id='word_1_204' title='bbox 1623 3520 1739 3584; x_wconf 85' lang='lat' dir='ltr'>hoc</span> <span class='ocrx_word' id='word_1_205' title='bbox 1763 3542 1903 3583; x_wconf 89' lang='lat' dir='ltr'>cum</span> <span class='ocrx_word' id='word_1_206' title='bbox 1941 3521 2153 3583; x_wconf 78' lang='lat' dir='ltr'>ceteris</span> <span class='ocrx_word' id='word_1_207' title='bbox 2175 3523 2296 3585; x_wconf 86' lang='lat' dir='ltr'>mi-</span> 
     </span>
     <span class='ocr_line' id='line_1_27' title="bbox 251 3616 2300 3704; baseline -0 -27"><span class='ocrx_word' id='word_1_208' title='bbox 251 3616 427 3677; x_wconf 78' lang='lat' dir='ltr'>nime</span> <span class='ocrx_word' id='word_1_209' title='bbox 444 3619 726 3699; x_wconf 85' lang='lat' dir='ltr'>congruit</span> <span class='ocrx_word' id='word_1_210' title='bbox 743 3664 763 3692; x_wconf 88' lang='lat'><strong>,</strong></span> <span class='ocrx_word' id='word_1_211' title='bbox 803 3630 939 3680; x_wconf 87' lang='lat' dir='ltr'>tum</span> <span class='ocrx_word' id='word_1_212' title='bbox 961 3620 1037 3681; x_wconf 87' lang='lat' dir='ltr'>ad</span> <span class='ocrx_word' id='word_1_213' title='bbox 1062 3628 1435 3704; x_wconf 77' lang='grc' dir='ltr'><em>ἐξηρτημένας,</em></span> <span class='ocrx_word' id='word_1_214' title='bbox 1473 3620 1538 3681; x_wconf 86' lang='lat' dir='ltr'>id</span> <span class='ocrx_word' id='word_1_215' title='bbox 1559 3620 1722 3702; x_wconf 86' lang='lat' dir='ltr'>quod</span> <span class='ocrx_word' id='word_1_216' title='bbox 1743 3638 1976 3679; x_wconf 78' lang='lat' dir='ltr'>necesse</span> <span class='ocrx_word' id='word_1_217' title='bbox 1995 3619 2154 3679; x_wconf 83' lang='lat' dir='ltr'>foret</span> <span class='ocrx_word' id='word_1_218' title='bbox 2169 3626 2194 3693; x_wconf 83' lang='lat'>,&#39;</span> <span class='ocrx_word' id='word_1_219' title='bbox 2211 3640 2300 3677; x_wconf 80' lang='lat' dir='ltr'>re-</span> 
     </span>
     <span class='ocr_line' id='line_1_28' title="bbox 260 3714 2297 3801; baseline 0.001 -29"><span class='ocrx_word' id='word_1_220' title='bbox 260 3714 405 3773; x_wconf 83' lang='lat' dir='ltr'>ferri</span> <span class='ocrx_word' id='word_1_221' title='bbox 426 3736 543 3796; x_wconf 87' lang='lat' dir='ltr'>neq</span> <span class='ocrx_word' id='word_1_222' title='bbox 552 3718 661 3777; x_wconf 89' lang='lat' dir='ltr'>uit.</span> <span class='ocrx_word' id='word_1_223' title='bbox 680 3720 801 3777; x_wconf 92' lang='lat' dir='ltr'>Pro</span> <span class='ocrx_word' id='word_1_224' title='bbox 824 3721 1085 3789; x_wconf 76' lang='grc' dir='ltr'>πεδεῶνας</span> <span class='ocrx_word' id='word_1_225' title='bbox 1102 3721 1373 3801; x_wconf 83' lang='lat' dir='ltr'>suspicor</span> <span class='ocrx_word' id='word_1_226' title='bbox 1400 3718 1718 3800; x_wconf 85' lang='lat' dir='ltr'>legendum</span> <span class='ocrx_word' id='word_1_227' title='bbox 1740 3720 2008 3787; x_wconf 70' lang='grc' dir='ltr'><em>ποδεῶνας</em></span> <span class='ocrx_word' id='word_1_228' title='bbox 2029 3714 2297 3799; x_wconf 82' lang='lat' dir='ltr'>(scilicet</span> 
     </span>
     <span class='ocr_line' id='line_1_29' title="bbox 258 3816 1842 3901; baseline 0.003 -30"><span class='ocrx_word' id='word_1_229' title='bbox 258 3816 648 3877; x_wconf 84' lang='lat' dir='ltr'>calceamenti</span> <span class='ocrx_word' id='word_1_230' title='bbox 682 3818 929 3899; x_wconf 86' lang='lat' dir='ltr'>genus).</span> <span class='ocrx_word' id='word_1_231' title='bbox 972 3823 1139 3898; x_wconf 66' lang='grc' dir='ltr'>γλόἔα</span> <span class='ocrx_word' id='word_1_232' title='bbox 1184 3818 1455 3901; x_wconf 60' lang='lat' dir='ltr'>reperire</span> <span class='ocrx_word' id='word_1_233' title='bbox 1490 3840 1620 3881; x_wconf 83' lang='lat' dir='ltr'>non</span> <span class='ocrx_word' id='word_1_234' title='bbox 1647 3817 1842 3898; x_wconf 84' lang='lat' dir='ltr'>potui.</span> 
     </span>
    </p>

    <p class='ocr_par' dir='ltr' id='par_1_5' title="bbox 338 3931 1773 4018">
     <span class='ocr_line' id='line_1_30' title="bbox 338 3931 1773 4018; baseline 0.001 -27"><span class='ocrx_word' id='word_1_235' title='bbox 338 3934 411 4004; x_wconf 92' lang='lat'>6)</span> <span class='ocrx_word' id='word_1_236' title='bbox 451 3931 603 3993; x_wconf 83' lang='lat' dir='ltr'>cod.</span> <span class='ocrx_word' id='word_1_237' title='bbox 648 3942 963 4015; x_wconf 80' lang='grc' dir='ltr'>ςρατιώτες,</span> <span class='ocrx_word' id='word_1_238' title='bbox 1006 3945 1079 3997; x_wconf 86' lang='lat' dir='ltr'>ut</span> <span class='ocrx_word' id='word_1_239' title='bbox 1116 3938 1434 4018; x_wconf 80' lang='lat' dir='ltr'>saepissime</span> <span class='ocrx_word' id='word_1_240' title='bbox 1476 3960 1499 3998; x_wconf 74' lang='grc' dir='ltr'><strong><em>ε</em></strong></span> <span class='ocrx_word' id='word_1_241' title='bbox 1541 3956 1656 4017; x_wconf 87' lang='lat' dir='ltr'>pro</span> <span class='ocrx_word' id='word_1_242' title='bbox 1697 3960 1773 3993; x_wconf 85' lang='grc' dir='ltr'>αι.</span> 
     </span>
    </p>
   </div>
   <div class='ocr_carea' id='block_1_5' title="bbox 338 4025 866 4133">
    <p class='ocr_par' dir='ltr' id='par_1_6' title="bbox 338 4025 866 4133">
     <span class='ocr_line' id='line_1_31' title="bbox 338 4025 866 4133; baseline 0.009 -45"><span class='ocrx_word' id='word_1_243' title='bbox 338 4025 410 4105; x_wconf 86' lang='lat'>7)</span> <span class='ocrx_word' id='word_1_244' title='bbox 450 4026 599 4133; x_wconf 60' lang='lat' dir='ltr'>Cod-</span> <span class='ocrx_word' id='word_1_245' title='bbox 640 4035 866 4099; x_wconf 63' lang='grc' dir='ltr'><strong><em>ςάλέαι.</em></strong></span> 
     </span>
    </p>
   </div>
  </div>
 </body>
</html>
