3050 5017
502 495 1037 546 ampunmcnz
1090 495 1267 544 nom
1294 497 1493 544 ANAE
1546 499 1706 547 ΜΒ.
1759 499 1847 546 11.
2013 469 2152 542 133

102 625 465 699 cumque
492 627 719 702 super
750 603 1143 694 chlamyde
1162 621 1390 704 caput
1407 609 1649 678 aestiva
1675 622 1874 678 veste.
1893 659 1912 694 ‚
1941 600 2156 703 quasi

100 718 349 806 vitta,
377 719 764 808 cinxisset,
792 720 1250 819 capillosque
1272 720 1617 820 calyptrae
1637 778 1657 813 ,
1684 723 1919 796 veluti
1947 725 2164 792 Pom-

106 834 283 930 peji
322 837 687 932 parasitus
740 837 1157 909 secundum
1212 837 1696 921 Plutarchum
1731 894 1750 928 ,
1817 841 2009 927 sive,
2073 850 2164 908 ut

104 975 399 1021 verum
446 951 825 1042 dicamuS,
860 953 1096 1026 veluti
1132 979 1363 1027 scenae
1396 958 1769 1054 magistri,
1811 949 2166 1030 involvis-

110 1085 280 1160 set,
330 1071 413 1142 in
448 1071 655 1143 aulas
680 1128 700 1163 ,
760 1086 973 1171 quas'
1000 1075 1157 1172 ipse
1200 1074 1345 1149 sihi
1388 1074 1872 1149 aedificaverat
1899 1129 1919 1164 ‚
1981 1073 2164 1145 fere-

112 1188 359 1259 batur
390 1215 405 1258 :
442 1214 766 1286 quarum
805 1192 868 1260 si
903 1191 1076 1288 quis
1108 1189 1485 1264 luxuriam
1518 1193 1698 1266 velit
1723 1209 1797 1264 et
1821 1189 2168 1282 aedifici-0-

118 1330 309 1376 rum
360 1303 999 1402 magnificentiam
1066 1305 1527 1402 describere3
1597 1311 1940 1381 Sesostris
2010 1331 2169 1378 una

118 1423 571 1519 Amasisque
602 1437 675 1493 et
710 1421 1029 1494 aliorum
1062 1423 1435 1496 mausolea
1463 1449 1548 1496 ac
1575 1425 2001 1523 pyramides
2027 1480 2044 1512 ‚
2093 1439 2172 1494 et

124 1563 613 1638 quaecunque
644 1538 787 1609 alia
814 1555 1444 1640 commemorant,
1478 1543 1616 1638 qui
1646 1543 2168 1640 AEgyptiorum

124 1653 566 1752 superbiam
606 1653 840 1725 literis
866 1654 1265 1753 prodidere
1288 1711 1308 1746 ‚
1352 1655 1680 1728 modesta
1716 1681 1798 1728 ac
1841 1657 2171 1755 philoso-

126 1771 331 1872 phos
366 1771 705 1844 decentia
737 1772 1116 1844 domicilia
1146 1773 1529 1873 adpellans
1555 1829 1574 1863 ,
1612 1800 1769 1846 non
1801 1772 2122 1846 falletur.

240 1915 359 1958 22.
414 1893 661 1959 Restat
683 1944 703 1979 ,
766 1887 975 1986 quod
1034 1913 1263 1988 supra
1318 1893 1853 1989 promisimus²
1935 1907 2025 1962 ut
2075 1885 2175 1964 'de

128 2003 393 2076 officio
427 2003 885 2102 explicemus
906 2057 925 2093 ‚
971 2004 1193 2102 quale
1224 2007 1609 2102 quondam
1642 2007 1785 2078 sub
1821 2009 2178 2104 magistro

134 2119 754 2220 equitum-fuerit
776 2175 795 2210 ‚
847 2134 921 2192 et
955 2136 1125 2219 post
1154 2121 1372 2194 illum
1404 2121 1626 2220 quale
1655 2121 1799 2194 sub
1833 2121 2180 2220 praefecto

134 2217 475 2340 praetorii
512 2239 839 2310 extiterit
869 2293 889 2326 ‚
954 2264 1093 2311 nec
1130 2265 1284 2312 non
1322 2238 1417 2312 de
1462 2231 1808 2338 catalogis
1842 2239 2178 2336 ejusdem

132 2355 927 2457 adpellationibusque
964 2374 1039 2429 et
1067 2358 1517 2431 muneribus
1545 2413 1566 2448 ‚
1605 2357 1850 2456 deque
1877 2383 2182 2430 consue-

136 2475 413 2548 tudine
433 2489 505 2546 et
526 2476 1076 2563 instrumentiS‚
1095 2478 1614 2575 institutisque
1630 2475 1724 2548 ad
1749 2475 2180 2548 chartarum

136 2593 769 2692 compositionem
794 2592 1304 2693 spectantibus
1320 2650 1341 2684 ,
1375 2609 1605 2691 atque
1629 2595 1948 2698 omnino
1969 2648 1987 2683 ‚
2015 2618 2186 2691 quae

134 2709 234 2780 ad
270 2733 413 2779 nos
454 2723 696 2806 usque
738 2723 1017 2780 servata
1041 2765 1062 2798 ‚
1124 2701 1536 2782 imminuto
1590 2711 2024 2806 magistratu
2048 2762 2068 2797 ‚
2109 2722 2184 2779 et

138 2823 437 2932 offic-im
474 2850 641 2923 quae
666 2827 733 2896 ei
757 2826 1159 2926 adparebat
1180 2883 1201 2918 ‚
1222 2827 1549 2926 collapso
1568 2881 1588 2916 ,
1614 2851 1768 2898 una
1797 2827 2184 2916 interiere,

140 2969 241 3015 ne
292 2967 473 3014 cum
518 2945 847 3042 vestigiis
896 2947 1370 3043 antiquitatis
1406 2948 1564 3046 ipsa
1602 2967 1910 3044 quoque
1948 2944 2184 3016 virtu·

138 3075 315 3132 tum
346 3061 709 3131 memoria
744 3114 765 3149 ‚
817 3063 1103 3160 quippe
1148 3059 1383 3133 literis
1425 3085 1582 3132 non
1628 3060 1974 3134 mandata
2001 3115 2022 3152 ,
2064 3085 2188 3159 pe-

140 3180 365 3249 nitus
422 3177 925 3274 extinguatur.
978 3179 1291 3248 Interim
1337 3181 1515 3249 vero
1565 3175 1894 3274 reliquos
1936 3179 2186 3273 reipu-

136 3295 363 3367 blicae
390 3295 861 3391 magistratus
888 3318 1335 3393 persequar,
1390 3317 1473 3363 ac
1500 3307 1880 3391 postremo
1907 3290 2189 3365 scilicet

140 3411 557 3520 proprium
587 3409 679 3482 de
712 3400 964 3483 officio
998 3409 1342 3482 libellum
1385 3432 1900 3508 componam:
1885 3431 2190 3525 .neque

141 3528 363 3598 enim
400 3529 797 3621 convenit,
846 3527 1401 3631 magistratibus
1443 3525 1798 3601 officiales
1829 3516 2190 3602 adnume-

140 3668 335 3718 rare.
