3050 5017
745 541 864 592 nu
913 539 1281 594 :sotim-us:
1333 539 1605 591 LYno.
1971 513 2201 610 lxxiii

261 681 669 764 XXXIV.
693 683 1047 760 Alterum
1072 707 1308 782 genus
1341 707 1689 758 errorum
1713 707 1875 761 non
1904 693 2064 758 tam
2093 694 2205 758 est

167 849 270 898 ex
359 819 1002 920 pronunciatione
1059 829 1133 892 et
1188 817 1713 917 incogitantia,
1792 843 2026 916 quam
2101 843 2203 894 ex

165 958 470 1035 inscitia
515 955 782 1032 scribae
824 965 1140 1034 natum:
1181 977 1356 1052 quae
1407 963 1694 1053 quanta
1744 949 1977 1032 fuerit
2024 955 2207 1031 inde

163 1103 416 1194 potest
461 1059 858 1188 cognosci,¹
901 1088 1112 1189 quod
1165 1090 1547 1190 genitivos
1604 1090 1980 1189 plurimos
2029 1117 2211 1170 cum

168 1225 624 1304 accusativis
669 1222 1061 1322 confudit,
1123 1207 1593 1301 accusativos
1634 1250 1814 1299 cum
1859 1226 2215 1300 nomina-

167 1365 404 1458 tivis,
477 1359 838 1460 quodque
876 1359 1192 1436 omnino
1223 1361 1310 1434 in
1346 1357 1708 1434 clausulis
1764 1360 2215 1458 casibusque

169 1521 468 1573 vocum
502 1517 813 1591 prorsus
837 1493 1050 1590 jacet.
1097 1493 1271 1567 Nec
1327 1493 1585 1568 minus
1637 1493 1722 1567 in
1773 1491 2213 1592 reduplica-

169 1630 522 1707 tionibus
585 1625 1098 1725 perfectorum
1140 1682 1164 1722 ‚
1221 1624 1307 1699 in
1341 1624 1785 1703 nominibus
1844 1627 2216 1726 propriis,

172 1768 262 1841 in
311 1762 713 1842 vocabulis
763 1761 1119 1860 reliquis,
1190 1761 1273 1835 in
1332 1761 1674 1860 apicibus
1693 1818 1717 1857 ‚
1782 1760 1867 1834 in
1919 1763 2223 1859 spiriti-⁴

177 1903 326 1977 bus
376 1927 394 1972 ε
445 1895 657 1998 quod
683 1861 916 1973 voces
948 1897 1204 1973 omisit
1231 1897 1623 1996 lineasque
1649 1899 1976 1997 integras
2008 1926 2026 1971 ι
2058 1899 2219 1975 vid.

179 2036 435 2112 varias
464 2035 827 2110 lectiones
868 2033 1119 2108 textui
1170 2029 1344 2107 edit.
1379 2035 1746 2130 subjectas
1774 2044 1904 2107 :ut
1935 2036 2224 2135 perspi-

181 2169 594 2264 cuum'sit‚
633 2191 888 2264 neque
931 2165 1227 2266 regulas
1258 2169 1764 2266 grammaticae
1810 2167 2049 2266 probe
2096 2183 2225 2272 tq—

181 2303 446 2378 nuisse
477 2325 656 2374 eum
675 2357 698 2396 ,
749 2324 1002 2398 neque
1033 2297 1223 2398 quid
1251 2312 1629 2400 exararet,
1678 2327 1975 2402 semper
2008 2302 2227 2377 intel·

183 2437 488 2512 lexisse.
525 2433 866 2509 Tametsi
899 2431 1280 2530 codicem,
1345 2433 1553 2542 unde
1605 2462 1835 2511 suum
1867 2435 2224 2532 duxerit,

187 2597 481 2671 magnae
505 2569 908 2645 vetustatis
935 2539 1279 2667 suspicor
1307 2565 1542 2643 fuisse
1559 2626 1580 2663 ‚
1630 2569 1885 2646 saeculi
1914 2567 2227 2646 fortasse

189 2705 358 2779 VII
376 2760 398 2799 ,
419 2703 816 2800 literisque
836 2700 1007 2776 ideo
1023 2702 1480 2797 majusculis.
1496 2703 1705 2778 Nam
1718 2671 1994 2804 primO,
2017 2735 2048 2776 ν
2068 2709 2227 2804 ἑφελ·

187 2845 433 2922 xus-mciv
477 2837 740 2913 multis
779 2836 1106 2912 vocibus
1147 2835 1588 2930 adhibetur,
1623 2839 1849 2913 etiam
1878 2839 2229 2936 sequenti

189 2985 681 3053 consonante.
747 2973 937 3048 Non
982 3000 1106 3048 me
1160 2977 1535 3072 praeterit,
1618 2978 1955 3052 inveniri
2008 2976 2089 3052 id
2142 2977 2229 3050 in

2286 689 2515 735 XXXIV.

2236 781 2301 820 Do
2314 774 2479 820 eodem
2494 806 2507 828 ,
2532 780 2581 816 ee

2306 845 2501 905 uqa-li

2238 922 2407 968 codic·
2435 921 2579 966 ductu
2632 905 2646 916 ⁹

2367 993 2441 1040 dt.

191 3110 433 3186 Codd.
449 3110 699 3184 omnis
721 3108 954 3184 aetatis
980 3109 1173 3183 bene
1190 3109 1474 3184 multis.
1498 3109 1958 3210 Calligraphi
1977 3123 2231 3186 tamen
2290 3205 2297 3214 .

193 3244 456 3321 saeeuli
483 3241 757 3318 decimi
783 3243 862 3315 in
891 3239 1040 3315 hac
1069 3237 1379 3339 quidem
1421 3268 1503 3317 re
1530 3247 2048 3343 grammatices
2090 3245 2227 3321 ho·

193 3377 484 3455 diernae
512 3381 710 3481 leges
741 3379 893 3475 jam
939 3371 1352 3449 studiosius
1399 3391 1581 3452 sunt
1613 3377 1850 3453 secuti
1900 3403 1917 3452 t
1972 3389 2236 3454 noster

193 3513 593 3610 antiquam
618 3536 929 3610 prorsus
953 3509 1199 3585 tenuit
1217 3510 1595 3584 scribendi
1617 3513 1847 3608 viam,
1871 3538 2021 3611 qua
2037 3509 2235 3587 illud

193 3679 224 3720 v
252 3647 519 3724 verbis
543 3645 769 3721 etiam
795 3671 955 3720 non
987 3643 1379 3718 hiantibus
1403 3645 1919 3743 interponitur
1944 3669 2048 3719 ex
2078 3647 2235 3722 cer-'-

195 3784 295 3859 tis
307 3782 812 3879 orator-iisque
833 3779 1223 3878 praeceptis
1243 3833 1264 3873 ‚
1285 3776 1377 3853 ad
1394 3781 2011 3880 amplificandum
2043 3808 2239 3858 com·

201 3915 727 4017 plendumque
757 3913 974 3988 vocis
1025 3938 1326 3988 sonum.
1383 3912 1477 3986 Id
1522 3915 1799 4012 opinor
1844 3940 2019 3993 eum
2074 3937 2236 3992 non

203 4067 487 4130 temere
511 4034 555 4148 ‚⁸
610 4049 742 4126 sed
795 4051 891 4126 ad
946 4049 1386 4148 exemplum
1441 4053 1563 4124 sui
1613 4049 1891 4126 codicis
1948 4051 2233 4128 fecisse.

1892 4191 1940 4258 k
