3050 5017
448 484 1015 581 semonnia
1064 516 1465 573 nonium
1514 468 1672 573 ιώ.
1725 520 1810 575 11.
2023 500 2166 595 145

110 636 515 717 stituendo
556 638 850 739 judicio
913 648 989 709 et
1040 648 1285 707 totum
1340 630 1688 711 officium
1751 645 2120 716 concessit
2145 696 2166 735 ,

116 764 349 863 quasi
365 757 771 855 scintillam
804 754 1191 859 quandam
1216 754 1501 852 Liparae
1527 769 1900 829 craterum
1924 784 1966 829 e
1997 786 2173 859 prae-

122 880 421 954 sectura
470 875 803 976 proetorii
850 869 1265 951 accendens
1290 924 1311 959 ‚
1376 870 1618 944 multa
1662 875 1893 947 simul
1921 880 2176 979 reipub

126 999 351 1073 blicae
380 994 781 1069 utilissima
817 990 1243 1065 meditatus.
1276 991 1584 1091 Quippe
1620 1007 1784 1067 tum
1821 997 2182 1096 amplissb

140 1139 353 1189 mam
406 1111 971 1209 secundamque
1023 1122 1463 1207 potestatem
1524 1110 1702 1219 ⁸ipse
1737 1166 1758 1202 ,
1829 1114 2190 1215 solusque
2295 1166 2300 1171 .

138 1260 309 1307 non
358 1256 635 1333 parum
686 1226 1101 1303 sublevavit
1134 1224 1521 1298 laboribus
1545 1282 1578 1319 ,
1647 1252 1904 1303 rerum
1950 1232 2189 1305 admi·

138 1351 673 1425 nisti-ationem
714 1346 797 1417 in
838 1342 1123 1415 multos
1171 1344 1654 1449 magistratus
1687 1346 2188 1447 dispertiens;

138 1486 313 1542 tum
354 1464 579 1541 etiam
620 1464 951 1550 faciliora
984 1464 1079 1535 iis
1120 1478 1439 1538 munera
1474 1462 1849 1556 reddidit,
1900 1466 2190 1541 litium-

139 1612 299 1687 que
348 1584 781 1657 amantibus
829 1581 1163 1655 furorem
1210 1594 1321 1664 est
1367 1580 1817 1655 moderatus.
1864 1586 2190 1659 Parvum

140 1719 399 1778 autem
424 1718 735 1803 putans,
774 1702 922 1771 nisi
944 1714 1021 1771 et
1038 1696 1554 1799 ptaesecturam
1585 1698 1798 1773 urbis
1829 1702 2192 1777 molestiis

142 1820 357 1893 haud
416 1819 715 1892 levibus
770 1816 1156 1907 liberaret,
1232 1818 1315 1887 in
1374 1815 1521 1889 hoc
1563 1842 1876 1917 quoque
1929 1823 2192 1893 Titum

142 1937 529 2025 imitatus,
571 1950 963 2035 praetorem
994 1933 1383 2006 urbanum
1414 1935 1972 2031 magistratibus
1995 1936 2196 2035 adje-

142 2048 252 2127 cit
274 2106 297 2143 ,
344 2050 691 2125 sufficere
740 2048 1084 2150 praefecto
1115 2048 1291 2121 urbi
1336 2051 1598 2123 omnia
1629 2054 2197 2125 concutientem

140 2170 419 2271 populi
452 2168 905 2247 discordiam
936 2182 1345 2265 reputans3
1400 2191 1548 2248 nec
1585 2192 1748 2256 non
1785 2182 1958 2267 post
1992 2168 2198 2261 illos,

148 2292 337 2387 (sen
366 2287 663 2387 potins,
718 2286 786 2358 si
819 2286 1351 2385 antiquitatem
1393 2298 1678 2383 spectes
1705 2339 1726 2374 ,
1781 2300 1960 2360 ante
1988 2286 2196 2377 ilice,

143 2420 238 2476 ut
258 2428 489 2504 supra
508 2403 909 2476 retulimus
926 2456 947 2492 ,
964 2402 992 2499 )
1012 2404 1489 2501 quaesitorem
1520 2424 1752 2501 quem
1775 2418 2048 2487 vocant
2067 2457 2087 2494 ,
2115 2402 2198 2475 id

146 2538 261 2594 est
272 2576 294 2612 ‚
307 2546 565 2595 rerum
580 2520 1017 2619 capitalium
1032 2519 1635 2618 investigatorem
1645 2520 2196 2619 gravissimum.

154 2768 249 2816 m:
299 2766 830 2817 consummo
880 2765 967 2812 ΕΤ
1004 2760 1245 2813 Jusrm
1246 2766 1271 2812 1
1280 2767 1467 2815 Almo
1517 2765 1918 2837 rumonss,
1967 2768 2201 2830 DEQUR

796 2881 1159 2932 MAGISTRO
1208 2882 1565 2934 CENSUUM.

252 3101 376 3175 30.
430 3096 1088 3193 Quemadmodum
1142 3098 1533 3198 originalis
1568 3099 1846 3199 species
1888 3126 2154 3178 monas

148 3216 587 3317 exemplum
623 3230 877 3289 autem
908 3212 1255 3290 monadis
1282 3240 1531 3287 unum
1555 3268 1578 3304 ,
1611 3219 1718 3287 sic
1745 3216 1921 3287 felix
1945 3234 2200 3294 nostra

154 3340 418 3413 civitas
438 3340 726 3425 Romae,
786 3349 951 3407 tum
990 3356 1219 3431 super
1252 3357 1480 3404 omne
1518 3332 1822 3406 culmen
1855 3337 2200 3409 eminen·
2297 3343 2300 3352 '

160 3460 255 3531 tis
274 3510 296 3544 ‚
322 3456 549 3525 initio
567 3450 1002 3552 putabatur.
1026 3449 1245 3523 Unde
1264 3454 1807 3524 Constantinus
1826 3468 2002 3525 ante
2031 3454 2200 3551 ejus

154 3571 801 3647 consecrationem
874 3571 1019 3659 (ita
1058 3584 1313 3640 autem
1370 3548 1815 3667 apotheosin
1875 3572 2202 3642 Romani

154 3690 490 3775 dicunt)
543 3684 823 3757 nullibi
856 3709 1019 3756 eam
1055 3689 1369 3756 Romam
1406 3710 1720 3775 novam,
1762 3684 1891 3757 sed
1919 3702 2152 3758 castra
2174 3741 2198 3779 ,

150 3807 446 3906 pariter
502 3790 763 3875 ceteris
817 3799 1040 3890 locis,
1110 3802 1347 3900 ipsam
1396 3827 1706 3901 quoque
1751 3801 2154 3901 adpellavit
2176 3833 2198 3877 τ

155 3924 387 4019 cujus
454 3921 563 3991 rei
632 3932 1073 4017 argumenta
1153 3922 1513 4017 repererit
1549 3974 1570 4010 ,
1649 3920 1786 4018 qui
1849 3935 2204 3994 tractatus

160 4037 647 4111 Constantini
710 4034 971 4143 legerit
1008 4088 1031 4125 ‚
1100 4060 1295 4133 quos
1348 4037 1507 4134 ipse
1561 4036 1813 4135 patrio
1865 4061 2210 4109 sermone

1826 4180 1914 4246 ¹9
