3050 5017
513 470 1073 521 RmPUBLmAE
1122 474 1519 523 ROMANAE
1569 476 1730 525 mn.
1779 478 1829 524 1.
2108 476 2190 553 17

171 606 329 653 non
360 584 463 654 ita
492 568 865 675 tyrannus
892 582 1037 655 sibi
1062 582 1431 679 subjectos
1464 584 1844 675 tractabit3
1891 584 2020 657 sed
2053 612 2196 687 pro

168 704 506 801 potentia
543 716 819 772 temere
844 754 873 791 „
919 698 1301 797 quidquid
1330 696 1698 791 voluerit,
1745 716 1954 799 aget,
2001 702 2198 801 leges

158 834 232 889 et
254 818 501 891 vereri
528 798 879 890 recusaels
900 870 921 903 ‚
969 830 1043 886 et
1070 840 1247 886 cum
1286 830 1554 887 senatu
1585 814 1814 907 ferre,
1857 840 2005 889 suae
2033 834 2199 890 tan-

165 949 333 1007 tum
368 958 639 1033 parens
674 932 1001 1005 libidini.
1038 937 1165 1004 Est
1192 934 1397 1005 enim
1424 935 1796 1033 principis
1831 960 1996 1009 mos
2036 935 2194 1027 lex,

157 1066 227 1123 et
254 1054 567 1149 tyranni
604 1050 720 1121 lex
746 1073 931 1121 mos,
1418 1032 1423 1037 ’

252 1173 328 1255 4.
384 1172 569 1241 Nam
606 1170 1148 1266 imperatorum
1176 1220 1199 1257 ‚
1226 1166 1305 1239 id
1336 1182 1448 1239 est
1470 1222 1495 1258 ,
1535 1174 2000 1270 αὐτοκρατόρων,
2029 1197 2195 1271 cog·

160 1311 443 1359 nomen
476 1300 725 1385 neq'ue
750 1286 1257 1383 principatuS‚
1298 1311 1546 1384 neque
1565 1312 1742 1359 vero
1771 1288 2195 1381 tyrannidis

162 1402 389 1475 habet
415 1401 1041 1501 significationem
1068 1455 1090 1490 ,
1138 1401 1266 1473 sed
1296 1404 1596 1503 imperii
1621 1406 1908 1501 potius,
1949 1420 2197 1477 aucto-

162 1526 557 1623 ritatisque
582 1538 869 1595 coortas
906 1538 1167 1594 contra
1206 1522 1752 1623 rempublicam
1799 1526 2058 1599 turbas
2085 1552 2198 1601 sa·

160 1640 483 1713 lubriter
509 1632 1021 1737 componendi
1052 1693 1073 1727 ‚
1123 1641 1511 1737 copiisque
1535 1694 1556 1729 ,
1599 1642 1986 1739 quomodo
2012 1668 2192 1715 oum

160 1758 597 1829 adversariis
647 1757 1147 1854 pugnandum
1184 1812 1205 1846 ‚
1291 1759 1734 1856 imperandi.
1819 1765 2194 1859 ImPerare

158 1876 367 1946 enim
396 1928 419 1964 ‚
486 1872 695 1945 unde
730 1875 1135 1972 imperator
1158 1930 1179 1964 ‚
1224 1881 1293 1947 τὸ
1331 1880 1645 1949 ἐπιτάττειν
1682 1875 1848 1947 Itali
1897 1876 2194 1951 dicunt.

158 1992 633 2089 Principatus
662 2014 838 2062 vero
878 1989 1505 2089 significationem
1547 2017 1703 2065 non
1739 1990 2013 2065 habere
2053 1996 2196 2065 im·

157 2110 527 2207 peratoris
544 2131 857 2198 nomen,
878 2106 1055 2179 inde
1074 2109 1390 2181 omnino
1409 2122 1650 2206 patet,
1677 2107 1894 2232 quod
1919 2124 1992 2180 et
2013 2135 2194 2182 con-

158 2227 396 2318 suleS,
448 2240 525 2297 et
560 2239 729 2323 post
762 2248 887 2296 eos
922 2229 1231 2297 Caesares
1284 2226 1824 2322 imperatorum
1871 2202 2192 2299 titulum

158 2370 582 2443 cognomen
632 2359 1089 2415 sumserunt.
1150 2345 1445 2416 Etenim
1500 2368 1637 2415 nec
1682 2358 2190 2433 tyrannorum

160 2462 593 2560 insignibus
642 2462 1023 2559 principes
1072 2464 1381 2533 Caesares
1426 2486 1602 2534 usos
1651 2484 1802 2533 esse
1855 2476 2147 2534 constat
2169 2514 2194 2551 ,

156 2578 285 2651 sed
324 2600 713 2676 purpurea
746 2590 1043 2649 tantum
1078 2600 1253 2647 cum
1290 2590 1488 2649 veste
1529 2578 1609 2647 in
1655 2591 1999 2650 senatum
2050 2582 2192 2649 Ro-

157 2718 565 2767 manorum
606 2694 931 2782 venisse,
974 2708 1049 2765 et
1083 2695 1321 2791 copiis
1366 2698 1590 2787 (cum
1627 2718 1932 2767 summo
1959 2698 2194 2828 impe-

154 2815 315 2902 ri0‚
353 2826 443 2883 ut
469 2811 847 2902 diximus)
894 2808 1291 2908 praefuisse.
1329 2814 1525 2883 Hinc
1563 2838 1872 2911 quoque
1909 2815 2191 2911 princi·

152 2956 285 3031 pes
334 2954 460 3002 eos
504 2929 819 3001 Romani
870 2928 1393 3037 adpellarunt‚
1458 2922 1803 3003 videlicet
1846 2932 2189 3028 primurn

152 3051 390 3121 totius
409 3044 835 3144 reipublicae
849 3060 1095 3143 caput.
1114 3046 1333 3144 (Nam
1346 3049 1641 3118 Caesaris
1657 3072 1934 3119 nomen
1953 3070 2192 3145 genus

150 3190 195 3237 a
219 3166 475 3264 primo
494 3168 763 3235 Caesare
787 3162 1101 3251 indicat,
1124 3166 1319 3235 sicut
1339 3163 1788 3252 Fabiorum,
1819 3163 2192 3237 Cornelio-

150 3308 331 3353 rum
358 3336 381 3370 ,
426 3278 848 3353 Flaviorum
872 3294 946 3351 et
987 3280 1427 3351 Aniciorum
1486 3305 1504 3347 τ
1555 3302 1714 3375 quo
1744 3302 1950 3350 more
1973 3272 2191 3377 prius

146 3397 453 3470 barbari
484 3399 601 3468 usi
626 3412 828 3469 sunt.
858 3398 1183 3495 AEgyptii
1208 3398 1413 3469 enim
1446 3419 1487 3467 a
1533 3396 1784 3492 primo
1804 3394 2186 3469 Pharaone

148 3538 363 3611 reges
384 3538 559 3586 suos
578 3513 991 3586 Pharaones
1006 3566 1027 3601 ‚
1056 3515 1389 3611 itemque
1412 3512 1838 3585 Ptolemaeos
1869 3538 1912 3583 a
1929 3514 2182 3610 primo

144 3632 469 3730 dixere.)
488 3636 669 3723 Quae
688 3632 997 3732 quidem
1014 3638 1379 3705 Caesarum
1404 3633 1763 3707 modestia
1786 3632 1879 3703 ad
1897 3632 2182 3705 Diocle-

144 3754 449 3824 tianum
478 3774 719 3849 usque
742 3750 947 3850 apud
975 3735 1349 3823 Romanos
1372 3764 1653 3821 servata
1676 3764 1820 3838 est,
1869 3751 2006 3848 qui
2029 3750 2180 3847 pri-

142 3893 323 3941 mus
342 3876 684 3965 gemmeo
703 3866 1117 3939 diademate
1134 3881 1363 3965 caput
1380 3868 1690 3964 cingens
1703 3921 1723 3953 ,
1748 3878 2182 3963 vestemque

144 3998 225 4054 et
244 3985 477 4083 pedes
493 3985 811 4082 gemmis
828 4008 1144 4081 ornans,
1174 3982 1267 4055 ad
1292 4006 1554 4080 regum
1571 4037 1593 4074 ,
1612 3981 1772 4071 vel,
1805 3996 1892 4053 ut
1916 4006 2178 4057 verum
