3050 5017
439 474 1011 527 REIPUBLIGAE
1062 470 1456 523 noman-u:
1504 463 1665 525 mh.
1718 466 1846 529 11‘1.
1936 450 1942 455 ⁹
2005 448 2150 532 '233

138 598 373 662 totum
428 585 619 659 forte
673 608 876 659 mare
919 607 1196 655 aurum
1253 583 1398 656 sibi
1448 584 1910 684 profundere
1959 591 2152 667 arbi·

141 723 429 781 trantes.

234 816 365 911 [26ss
406 828 502 896 At
537 822 841 920 fortuna
873 818 1276 894 crudeliter
1301 818 1683 895 dominata
1711 827 1952 922 speeie
1982 852 2160 925 quo-

142 966 285 1039 que
358 939 1029 1022 administrationis
1088 962 1359 1011 nervos
1422 938 1854 1037 reipublicae
1918 942 2164 1017 solvit.
2246 964 2254 969 ·

57 1120 75 1137 ,
141 1066 321 1135 Nam
358 1085 537 1133 cum
575 1058 883 1133 curialia
924 1058 1231 1157 collegia
1271 1058 1697 1133 civitatibus
1729 1076 2123 1159 praeessent
2140 1119 2164 1152 ,

142 1204 221 1251 ac
278 1176 599 1250 militem
652 1167 1193 1267 sustentarent,
1239 1184 1565 1275 vereque
1619 1166 2168 1277 'rempublicam

146 1296 716 1373 moderarentur
735 1348 756 1385 ‚
797 1295 1135 1365 Marinus
1171 1292 1485 1391 quidam
1520 1320 1564 1385 e
1591 1285 2037 1386 scriniariis,
2079 1310 2172 1369 ut

143 1426 448 1501 vocant,
484 1409 866 1485 orientalis
900 1409 1237 1482 dioecesis
1261 1464 1282 1499 ,
1334 1434 1511 1481 cum
1541 1435 1620 1483 se
1647 1410 1911 1485 callide
1944 1412 2176 1487 rebus

149 1533 629 1617 insinuasset,
662 1529 1101 1627 imperatori
1138 1527 1575 1625 persuadet,
1609 1544 1699 1600 ut
1745 1543 1976 1603 totam
2027 1530 2176 1602 sibi

146 1644 723 1746 rempublicam,
764 1642 1047 1715 tributa
1065 1640 1504 1733 venditum,
1547 1644 1800 1717 credat
1833 1699 1856 1736 ,
1895 1666 2174 1719 aurum

146 1790 219 1839 se
246 1748 683 1864 imperatori
698 1758 1283 1870 conciliaturum
1303 1758 1708 1857 pollicitus.
1727 1766 1900 1835 Erat
1919 1780 2176 1837 autem

148 1881 269 1953 ine
300 1880 499 1951 lueri
538 1873 769 1976 paulo
802 1876 1215 1965 amantior,
1253 1888 1342 1946 ut
1382 1890 1560 1973 pote
1597 1876 2074 1971 Taulantius,
2105 1892 2187 1953 et

143 1990 2184 2097 Epidamn0‚lllyriaecivitate,oriundus(Durrhachium

148 2138 312 2187 eam
342 2117 780 2197 Cretenses,
802 2110 941 2207 qui
981 2107 1233 2181 coloni
1271 2106 1455 2179 illuc
1498 2124 1895 2202 venerant,
1925 2137 1967 2183 a
1991 2117 2205 2185 Dura

148 2228 433 2301 rhacho
454 2282 475 2317 ,
498 2242 663 2299 tum
692 2225 1161 2298 Cretensium
1188 2247 1357 2322 rege
1374 2276 1395 2313 ,
1414 2221 1893 2322 adpellarunt
1914 2283 1937 2323 ,
1965 2244 2054 2301 ut
2081 2233 2189 2303 ait

150 2353 501 2421 Lucanus
522 2396 542 2433 ‚
597 2350 1017 2431 Romanus,
1072 2341 1155 2413 in
1209 2339 1407 2413 libro
1450 2342 1784 2417 seeundo
1837 2343 1933 2417 de
1986 2332 2191 2421 bello

152 2455 355 2538 civili
388 2490 405 2533 ε
434 2460 555 2533 vel
580 2460 943 2557 Corcyraei
964 2512 987 2548 ‚
1014 2456 1584 2531 Corinthiorum
1613 2459 1908 2533 colonia
1923 2454 2188 2536 secun-

152 2584 339 2655 dum
355 2570 1459 2673 historicum).1ncusabantque
1471 2575 1701 2675 vulgo
1715 2582 2184 2652 Anastasium

156 2684 593 2772 insatiabilis
620 2694 941 2768 avaritiae
975 2720 991 2763 τ
1024 2689 1247 2783 adeo,
1272 2706 1371 2764 ut.
1399 2691 1714 2765 disticha
1741 2694 2080 2793 quaedam
2103 2699 2188 2769 in

158 2840 331 2889 eum
377 2815 462 2887 in
505 2807 1026 2909 Hippodromo
1070 2804 1406 2906 populus
1446 2807 1962 2906 suspenderit,
2009 2835 2188 2885 cum

159 2931 389 3006 ferrea
422 2929 494 3001 ei
518 2918 763 3021 imago
786 2926 869 2995 in
907 2922 1039 2995 illo
1072 2925 1314 3022 posita
1335 2920 1614 2997 fuisset.
1636 2929 1910 2997 Versus
1933 2942 2188 2999 autem

158 3047 421 3121 famosi
467 3044 607 3143 (ut
640 3042 961 3113 Romani
1014 3054 1323 3129 vocant,
1370 3063 1604 3136 quam
1652 3065 1792 3113 nos
1842 3039 2191 3143 blasphe-

159 3162 434 3259 miam)
460 3158 547 3231 hi
578 3170 761 3231 sunt
792 3188 807 3235 z

216 3297 553 3381 Imaginem
562 3290 678 3355 tibi
689 3293 1052 3372 ,imperator
1060 3287 1363 3349 mundum
1370 3288 1680 3349 destruens
1687 3330 1710 3364 ,
1724 3288 1948 3350 hancce
1967 3296 2000 3349 e
2023 3292 2188 3353 ferro

389 3392 707 3455 Posuimus
722 3433 741 3463 ,
770 3396 845 3447 ut
870 3406 1034 3447 aenea
1058 3384 1339 3447 viliorem
1364 3428 1385 3461 ‚

160 3516 235 3577 acl
249 3516 704 3597 προσηγόρευσαν,
726 3509 865 3568 κατὰ
876 3506 973 3567 τὸν
990 3510 1295 3587 συγγραφέα
1306 3514 1548 3567 tantum
1567 3502 1643 3564 ad
1653 3510 1946 3587 Κορινθίων
1955 3508 2188 3570 ἄποικοι.

234 3610 311 3693 8)
354 3606 521 3691 Lego
537 3602 739 3686 ἐλεγεῖά
749 3628 867 3665 τινα
878 3648 897 3678 ,
918 3602 987 3664 id
1002 3612 1090 3663 est
1107 3601 1389 3685 disticha3
1408 3622 1608 3683 neque
1623 3602 1788 3663 enim
1802 3604 1998 3684 elegite
2009 3616 2152 3667 sunt
2161 3651 2183 3682 ,

158 3704 230 3767 de
255 3706 478 3789 quibus
496 3702 771 3784 loquitur
792 3699 1035 3779 Lydus,
1076 3718 1277 3779 neque
1292 3744 1313 3773 ‚
1342 3707 1416 3759 nt
1434 3721 1469 3759 e
1488 3698 1766 3778 sequenti
1785 3718 1962 3758 semu
1979 3708 2146 3781 patet
2159 3744 2181 3777 ‚

158 3808 242 3867 ita
261 3804 520 3888 intelligi
545 3802 762 3865 voluit.
844 3801 919 3883 9)
944 3797 1309 3878 Anthologia
1332 3818 1347 3857 τ
1371 3789 1608 3859 Α’νθεσαν
1625 3842 1642 3872 ,
1669 3802 1738 3865 ὥς
1755 3801 1964 3879 χαλκοῦ
1988 3804 2185 3861 πολλὸν

158 3894 488 3985 ἀτίμα-πέρην.
508 3898 593 3961 Et
614 3901 813 3981 χαλκῆς
837 3892 1055 3955 melior
1076 3892 1232 3958 mihi
1253 3892 1498 3956 videtur
1516 3891 1695 3954 lectio
1709 3936 1728 3967 ‚
1754 3912 1936 3971 quam
1954 3900 2182 3977 χαλκοῦ,

159 4008 217 4058 et
237 3996 397 4059 οὖσαν
426 3994 641 4058 melior
654 4035 677 4069 ‚
700 4012 883 4077 quam
903 3993 1115 4053 πολλὸν.
1324 3986 1333 3997 ’

1744 4082 1839 4155 3ο
