3050 5017
460 463 1027 520 nni-nnumin
1076 461 1493 536 noman-:¹
1531 463 1688 516 mn.
1741 469 1830 518 11.
2069 441 2168 548 95

146 595 355 654 nata:
406 583 507 656 ita
552 596 809 654 autem
847 605 939 652 ex
970 601 1159 651 auro
1206 573 1487 650 factum
1524 577 1916 658 humerale
1959 609 2176 658 orna·

146 715 487 773 mentum
534 697 855 772 Romani
890 720 1154 769 vocare
1194 694 1459 768 solent.
1507 701 1718 772 Hane
1755 716 2032 774 vestem
2063 705 2175 774 in·

142 817 370 890 duere
400 822 920 890 Romanorum
958 815 1481 912 imperatores,
1524 837 1703 888 cum
1731 815 1828 889 de
1860 821 2176 918 captivis

146 937 443 1036 regibus
476 933 1045 1038 triumpharent
1064 987 1085 1024 ,
1118 957 1210 1006 ex
1256 929 1389 1005 illo
1430 937 1665 1008 moris
1721 934 1871 1010 fuit
1903 965 1922 1010 :
1965 939 2176 1037 quod

146 1055 343 1154 apud
374 1079 517 1128 nos
562 1051 953 1126 manifeste
986 1049 1269 1151 patuit,
1300 1077 1456 1151 quo
1486 1067 1825 1154 tempore
1855 1055 2174 1129 Gelime·

146 1195 297 1244 rem
320 1225 343 1262 ,
370 1167 887 1244 vandalorum
912 1182 987 1240 et
1012 1166 1261 1260 Libyae
1290 1193 1540 1267 regem
1556 1222 1579 1260 ,
1611 1195 1788 1242 curn
1825 1172 2176 1246 universa

148 1303 361 1386 gente
416 1285 604 1360 deus
650 1288 1035 1385 captivum
1104 1286 1600 1385 imperatoriae
1657 1301 1929 1361 nostrae
1999 1285 2178 1362 urbi

146 1405 505 1478 exhibuit.
556 1408 818 1502 Neque
867 1404 1074 1476 enim
1126 1399 1234 1486 fas
1292 1419 1453 1477 erat
1502 1407 1866 1480 victorem
1929 1408 2130 1480 victo
2155 1461 2176 1498 ,

150 1544 487 1620 purpura
536 1519 780 1594 velato
800 1574 823 1611 ,
880 1519 1147 1630 habitu
1181 1521 1505 1594 similem
1545 1547 1720 1596 esse.
1760 1525 1878 1595 Sic
1913 1547 2178 1622 super-

150 1641 477 1716 bientem
496 1646 848 1714 Caesarem
874 1665 1051 1713 cum
1076 1640 1498 1720 triennium
1529 1641 1835 1716 fortuna
1861 1642 2180 1736 lusisset,

152 1776 413 1834 natura
443 1759 837 1860 hominem
862 1781 1015 1830 esse
1036 1761 1422 1857 persuasit.

241 1879 307 1952 3.
356 1882 815 1954 Octavianus
868 1893 1121 1952 autem
1150 1933 1171 1969 ,
1226 1872 1458 1978 quein
1502 1905 1593 1954 ex
1641 1881 1847 1973 Atia,
1881 1905 2178 1972 sorore,

156 2015 415 2074 natum
454 2003 691 2072 Caesar
714 1997 1199 2099 adoptaverat
1222 2053 1245 2090 ,
1283 2001 1762 2099 imperatoria
1798 1999 2183 2099 ‘dignitate

154 2132 312 2216 post
343 2141 525 2189 eum
564 2118 851 2215 potitus
873 2171 894 2206 ,
926 2115 1237 2188 divinus
1292 2117 1324 2216 (
1351 2115 1564 2214 quod
1600 2141 1880 2190 nomen
1917 2139 2185 2189 omnes

156 2248 313 2332 post
378 2257 559 2306 eum
612 2235 1098 2332 imperatores
1149 2231 1530 2329 habuere)
1581 2233 1838 2332 potius
1859 2289 1882 2324 ,
1948 2258 2182 2332 quam

156 2349 365 2440 deus,
390 2348 519 2448 pia
550 2349 831 2422 scilicet
856 2348 1253 2441 modestia,
1286 2348 1648 2450 adpellari
1667 2349 1910 2422 voluit
1940 2377 1954 2420 ε
1990 2347 2185 2422 illud

154 2472 439 2570 quippe
458 2493 725 2542 eorum
750 2483 895 2560 est,
924 2471 1065 2568 qui
1093 2486 1360 2544 natura
1382 2495 1519 2544 sua
1545 2470 1654 2542 dii
1675 2470 1860 2566 3hoc
1893 2461 2186 2562 eorum,

158 2589 279 2684 qui
314 2586 763 2686 adoptione,
798 2586 1146 2679 honoris,
1186 2613 1330 2660 seu
1367 2589 1625 2687 potius
1665 2589 2186 2686 ignominiosae

157 2701 603 2776 adulationis
649 2705 881 2803 gratia
914 2703 1176 2776 datum
1224 2703 1828 2803 imperatoribus·
1867 2705 2188 2802 Insigni-

158 2817 289 2894 bus
326 2844 512 2894 vero
544 2823 715 2912 uti,
748 2823 965 2922 queis
1000 2845 1318 2922 magnus
1352 2823 1627 2914 Caesar,
1677 2823 1985 2894 interi-m
2025 2845 2184 2907 non

156 2955 479 3038 poterat3
524 2945 868 3040 primum
898 2943 1260 3042 quidem,
1302 2946 1484 3043 quia
1541 2945 1780 3017 socios
1839 2943 2188 3042 imperii,

156 3062 569 3134 Antonium
593 3075 669 3134 et
698 3061 1069 3161 Lepidum
1098 3115 1119 3150 ,
1156 3059 1496 3134 habebat.
1535 3060 1968 3134 Admodum
2006 3081 2185 3133 vero

157 3179 619 3272 adolescens,
656 3196 775 3274 et,
807 3205 1037 3280 quam
1080 3179 1408 3270 bullam,
1456 3181 1536 3253 id
1578 3195 1723 3270 est,
1765 3203 2138 3278 gemmam
2167 3233 2190 3270 ,

154 3301 472 3370 Romani
502 3313 777 3372 vocant
804 3353 824 3388 ,
884 3296 1131 3370 ferens
1154 3353 1175 3388 ,
1221 3297 1519 3370 Caesaris
1573 3297 1886 3368 nomine
1950 3295 2188 3366 hono-

156 3433 353 3492 ratus
414 3434 523 3492 est
584 3448 600 3490 :
648 3419 861 3510 ,unde
930 3421 1349 3492 etiamnum
1404 3417 1499 3490 ad
1555 3419 1960 3517 imperium
2017 3439 2206 3514 pro-³

157 3535 497 3611 vehendo
552 3562 708 3611 non
770 3539 985 3637 prius
1040 3537 1194 3609 haec
1248 3539 1575 3636 insignia
1634 3537 2145 3635 imponuntur
2166 3586 2189 3623 ,

157 3679 386 3753 quam
420 3655 807 3756 principes
826 3656 1192 3729 exercitus
1210 3711 1231 3746 ‚
1254 3670 1528 3757 torque
1555 3652 1834 3728 collum
1865 3652 2028 3747 ejus
2049 3651 2188 3723 cir·

158 3814 355 3897 reperi
371 3859 393 3893 ,
437 3835 623 3900 qnam
650 3819 999 3900 exprimere
1010 3817 1197 3902 possit
1219 3821 1407 3899 ψῆφος.
1430 3817 1684 3900 Lydum
1709 3823 1772 3878 et
1793 3813 1895 3878 hic
1926 3812 2190 3898 graviter

162 3933 359 3974 errare
380 3957 401 3988 ,
448 3913 839 3977 manifestum
862 3923 971 3978 est·

236 4011 311 4087 6)
352 4009 531 4072 Addo
566 4017 747 4094 φέρων.
