3050 5017
487 464 1051 515 rtmrunucu
1098 467 1501 518 nonnum
1549 468 1708 519 mn.
1761 468 1812 519 1.
2083 442 2180 545 37

130 570 232 645 ad
290 572 523 647 tibias
569 578 1036 674 pertinentes
1057 631 1078 667 ,
1141 580 1389 651 aureis
1444 576 1708 653 fibulis
1760 578 2126 655 adstrictoe
2162 632 2187 671 ,

134 688 403 763 colore
472 692 986 793 xerampelino
1032 746 1054 783 ,
1138 694 1401 767 mediae
1451 720 1794 795 purpura
1858 697 2193 794 insignes

140 807 609 903 (laticlavias
634 836 753 883 eas
778 811 1185 904 vocabant3
1244 812 1676 905 chlamdes
1711 828 1966 887 autem
2002 828 2192 885 atra·

140 924 504 1014 baeticas,
551 950 597 999 a
632 927 919 1018 colore3
953 928 1318 1027 quoniam
1360 934 1429 1003 τὸ
1477 932 1648 1029 φαιὸν
1697 928 2007 1003 illorum
2048 953 2196 1001 ser-

140 1066 389 1115 mone
416 1058 667 1117 atrum
694 1044 978 1117 dicitur
997 1043 1063 1141 ):
1106 1044 1548 1145 paragaudas
1568 1099 1589 1137 ,
1625 1048 1900 1119 tunicae
1925 1046 2198 1119 lancio-

144 1158 361 1249 latae,
404 1184 751 1258 purpura
784 1176 1151 1259 praetextae
1172 1215 1194 1252 ‚
1249 1177 1419 1235 totae
1446 1160 1628 1235 albae
1654 1215 1675 1253 ,
1726 1164 2044 1235 manicis
2077 1186 2194 1235 or·

146 1289 353 1345 natae
394 1272 549 1372 (sic
596 1272 709 1347 illi
738 1280 1107 1376 περιχερίδας
1144 1295 1438 1353 vocant.
1466 1277 1674 1353 Tales
1693 1304 1872 1352 vero
1900 1280 2200 1353 tunicas

146 1389 619 1490 paragaudas
647 1392 1053 1491 adpellari,
1106 1395 1335 1495 vulgo
1370 1412 1644 1469 notum
1695 1410 1826 1469 est.
1869 1398 2201 1494 Antiqua

150 1522 415 1579 tamen
454 1510 713 1581 tunica
750 1511 1193 1611 paragaudis
1218 1566 1241 1603 ‚
1292 1518 1680 1587 Persarum
1719 1528 1794 1585 et
1819 1516 2202 1585 Sauroma-

154 1640 413 1698 tarum
442 1626 762 1725 insignis
793 1636 1015 1739 vestis
1036 1683 1056 1719 ‚
1092 1644 1183 1701 ut
1214 1632 1728 1730 Diogenianus
1749 1682 1768 1720 ,
1802 1626 2202 1703 vocabulo-

152 1768 333 1815 rum
393 1746 753 1843 seriptor,
807 1745 1043 1845 dixit)
1086 1774 1105 1819 ε
1156 1738 1393 1821 fasciae
1440 1748 1771 1823 crurales
1819 1747 2047 1837 albae,
2087 1761 2200 1820 to·

158 1879 329 1935 tum
372 1888 546 1936 crus
579 1890 759 1937 cum
796 1866 987 1967 pede
1037 1883 1367 1967 tegentes
1422 1896 1440 1941 τ
1492 1884 1572 1942 et
1607 1868 2200 1943 calceamentum

158 1985 500 2081 nigrum,
522 1983 718 2057 solea
740 2002 1091 2059 constans
1104 2040 1127 2077 ‚
1147 2002 1494 2086 apertum
1514 2009 1850 2087 prorsuS,
1872 1998 2207 2057 exstante

159 2124 393 2198 parva
434 2114 647 2200 parte
678 2101 955 2175 calcem
980 2157 1001 2193 ,
1055 2118 1129 2175 et
1166 2104 1247 2175 in
1296 2106 1453 2178 imo
1484 2102 1764 2202 digitos
1794 2120 2148 2200 premens
2175 2126 2200 2191 ;

160 2215 351 2291 loris
384 2218 811 2317 utrinque..
832 2274 849 2289 .
872 2218 1299 2319 pedemque
1327 2217 1878 2313 vincientibus,
1919 2232 2008 2289 ut
2029 2238 2196 2314 per-

162 2335 433 2432 exigua
474 2333 699 2407 calcei
727 2360 901 2434 pars
926 2390 949 2425 ‚
1006 2361 1185 2409 cum
1218 2361 1261 2409 a
1294 2337 1614 2436 digitis,
1649 2330 1816 2408 tum
1859 2357 1902 2405 a
1959 2332 2202 2423 calce,

162 2450 591 2549 adpareret,
636 2466 839 2543 totus
872 2478 1048 2527 vero
1082 2476 1216 2553 pes
1248 2477 1425 2527 cum
1462 2450 1684 2525 fascia
1731 2448 2009 2540 crurali
2047 2472 2201 2521 cer·

164 2585 497 2643 neretur.
534 2556 994 2671 Campagum
1032 2595 1210 2643 eum
1238 2570 1335 2643 ab
1364 2578 1507 2643 'usu
1535 2571 1620 2643 in
1651 2592 1919 2667 campo
1951 2562 2203 2640 etiam·

168 2710 361 2757 num
396 2701 686 2759 vocant.
726 2692 815 2759 In
847 2712 1114 2787 campo
1144 2690 1355 2761 enim
1398 2689 1972 2786 magistratuum
2015 2685 2201 2757 elec·

166 2801 409 2875 tiones
434 2805 754 2875 Romani
771 2803 1223 2903 peragebant
1241 2858 1262 2895 ‚
1288 2803 1425 2876 ubi
1456 2802 1903 2901 hujusmodi
1921 2786 2204 2875 calcetis

170 2916 543 3015 gerebant.
624 2905 847 2993 Hunc
918 2944 1365 3019 campagum
1429 2918 1902 2993 Thuscorum
1979 2931 2203 2991 antea

168 3030 397 3107 fuisse
414 3087 435 3123 ‚
478 3036 585 3107 ait
608 3034 938 3133 Lepidus
962 3036 1043 3107 in
1071 3034 1269 3109 libro
1294 3034 1389 3107 de
1414 3034 1946 3107 sacerdotibus.

278 3153 387 3223 18.
438 3150 848 3223 Prodibant
878 3166 1131 3224 autem
1168 3154 1505 3251 patricii,
1539 3151 1866 3249 pedibus
1889 3148 2204 3248 quidem

166 3294 569 3369 nunquam
595 3298 616 3361 3
668 3286 746 3342 at
778 3296 1026 3369 neque
1052 3295 1255 3371 equo
1298 3268 1651 3369 (vulgare
1685 3270 1973 3367 quippe
2005 3266 2206 3341 vide·

166 3385 453 3485 batur),
488 3388 616 3461 sed
634 3415 871 3461 curru
891 3391 1209 3487 insigni,
1233 3388 1453 3485 cujus
1473 3386 1620 3459 alta
1635 3384 1842 3461 sedes
1861 3388 2170 3459 instrata
2181 3412 2212 3481 ς,

169 3521 500 3602 quatuor
530 3506 763 3578 mulis
788 3490 1263 3579 trahentibus
1290 3528 1604 3579 currum
1636 3530 1732 3585 ex,
1761 3528 1900 3575 aere
1941 3504 2203 3575 Corin·

172 3618 366 3711 thio,
404 3622 759 3719 plurimis
794 3620 1061 3722 figuris
1096 3620 1706 3724 imaginibusque
1725 3620 2060 3717 antiquis
2085 3620 2199 3689 in·

174 3736 487 3835 sculptis
521 3754 899 3812 ornatum.
936 3744 1193 3840 Neque
1219 3742 1427 3819 enim
1463 3762 1701 3837 equos
1735 3735 1998 3809 currui
2018 3735 2198 3832 jun·

246 3896 321 3969 4)
364 3891 517 3953 Cod.
550 3900 765 3978 ἑμπρος.

255 3990 325 4065 5)
362 3990 513 4075 1⁴03-
552 3998 1035 4077 ἀνακεραννυμένους
1045 4020 1061 4073 3
1104 3994 1369 4057 reses-tur
1414 3991 1584 4055 enim
1615 3988 1696 4053 ad
1729 3992 2014 4073 ὀχήμασιν.
2063 3997 2066 4003 ’
