3050 5017
566 449 1127 503 autemnon:
1174 451 1572 503 nonnus
1621 455 1772 506 mn.
1823 457 1873 506 ι.
2035 497 2040 503 ,
2141 434 2238 533 67
2337 514 2354 538 ‚s

184 559 586 652 Quintum
631 561 945 634 Fabium
984 560 1331 636 consules
1366 564 1824 637 nominasset
1853 619 1874 655 ,
1923 561 2242 638 dictatu-

186 703 363 752 ram
409 675 777 778 deposuit.
824 683 1111 752 Rursus
1152 704 1357 752 anno
1389 705 1437 752 a
1482 681 1876 754 consulatu
1927 683 2242 780 quadra-

188 797 486 894 gesimo
536 811 805 870 octauo
843 796 1169 868 dictator
1200 812 1491 869 creatus
1524 814 1635 872 est
1667 798 1890 870 Caius
1925 799 2236 869 Mamer·

193 938 357 984 cus.
410 911 631 986 Plebe
685 939 862 990 vero
917 915 1297 988 'iterumm
1355 912 1652 988 tribuni
1709 914 2042 988 militum
2090 931 2238 987 tres

190 1030 431 1100 creati
484 1045 666 1102 sunt
724 1056 743 1100 ε
799 1033 936 1130 qui
986 1056 1163 1104 cum
1224 1031 1772 1130 rempublicam
1822 1034 2190 1131 agitarent
2217 1085 2239 1124 ,

192 1145 521 1218 dictator
549 1146 797 1220 dictus
826 1163 935 1222 est
966 1151 1180 1224 Titus
1212 1151 1584 1239 Quintius
1603 1204 1626 1235 ‚
1679 1150 1814 1248 qui
1864 1149 2062 1220 intra
2099 1161 2240 1222 tre-

192 1261 445 1336 decim
496 1279 794 1338 tantum
852 1267 1049 1358 dies,
1104 1267 1359 1341 sedato
1412 1267 1722 1341 dissidio
1751 1324 1774 1358 ‚
1827 1268 2232 1367 imperium

194 1384 479 1478 posuit.
537 1386 760 1456 Anno
811 1385 1061 1456 autem
1120 1407 1163 1456 a
1227 1385 1626 1458 consulatu
1689 1387 2236 1484 septuagesimo

196 1512 511 1595 quarto,
561 1497 969 1596 Tyrrhenis
994 1500 1538 1599 rempublicam
1575 1500 2236 1600 perturbantibuS‚

192 1629 512 1715 propter
554 1613 737 1688 belli
789 1619 1393 1718 magnitudinem
1430 1618 1750 1692 dictator
1786 1634 2077 1694 creatus
2126 1631 2239 1691 est

194 1737 496 1805 Marcus
522 1733 905 1824 AEmiliuS‚
950 1751 1026 1808 et
1054 1751 1223 1836 post
1260 1761 1437 1809 eum
1468 1735 1782 1812 Publius
1807 1790 1826 1824 ,
1869 1736 2004 1835 qui
2036 1737 2238 1805 intra

194 1848 523 1921 sedecim
552 1864 853 1926 tantum
882 1852 1040 1926 dies
1060 1907 1089 1945 ,
1107 1879 1283 1926 cum
1314 1851 1606 1930 bellum
1630 1868 1892 1925 contra
1913 1849 2242 1949 Tyrrhe-

194 1991 341 2038 nos
388 1967 977 2044 administrasset
1029 2025 1051 2061 ,
1120 1970 1514 2046 abdicavit.
1576 1978 1878 2044 Rursus.
1911 1996 1953 2042 a
2017 1969 2238 2068 plebe

194 2086 467 2162 creatis
512 2087 845 2165 tribunis
876 2141 898 2178 ,
957 2103 1033 2161 et
1077 2103 1343 2162 senatu
1403 2087 1799 2164 obtinente
1845 2141 1870 2176 ,
1918 2087 2240 2160 dictator

194 2201 447 2274 dictus
480 2217 591 2276 est
624 2204 1006 2295 Quintus,
1064 2207 1201 2303 qui
1252 2206 1451 2277 intra
1486 2220 1656 2278 octo
1701 2205 1860 2278 dies
1899 2257 1928 2292 ,
1979 2225 2240 2278 recon-

194 2316 445 2393 ciliata
488 2322 783 2392 civitate
809 2375 831 2412 ,
872 2319 1264 2394 abdicavit.
1310 2326 1530 2393 Hunc
1570 2324 1874 2394 secutus
1917 2317 2234 2391 Publius

190 2434 593 2509 Cornelius
627 2440 930 2526 Cossus»,
967 2462 1197 2536 quem
1229 2438 1443 2512 Titus
1468 2438 1855 2526 Quintius.
1886 2421 2001 2506 Ab
2027 2457 2234 2506 anno

190 2576 285 2624 au
297 2567 447 2624 tem
476 2578 519 2626 a
541 2553 931 2627 consolatu
966 2555 1377 2628 centesimo
1401 2555 1779 2627 tricesimo
1802 2567 2008 2669 sexto
2035 2605 2056 2638 ‚
2090 2551 2232 2648 qui

192 2683 305 2742 est
338 2667 781 2768 Olympadis
825 2671 1244 2744 centesimae
1282 2671 1514 2742 tertiae
1539 2721 1572 2758 ,,
1601 2667 2232 2766 quinquennium

194 2789 547 2887 principe
591 2790 835 2861 caruit
889 2790 1169 2867 civitas.
1242 2777 1648 2886 Postquam
1706 2811 1884 2860 vero
1954 2787 2232 2856 iterum
2335 2863 2346 2874 ,

194 2904 545 2984 consules
567 2907 789 2978 creati
814 2960 835 2997 ,
856 2931 898 2978 e
924 2909 1258 3006 patriciis
1278 2921 1612 3004 quatuor
1623 2904 1911 2996 aediles,
1927 2902 2239 3000 duoque

192 3036 598 3120 quaestores
618 3075 641 3112 ‚
681 3037 754 3095 et
778 3038 1051 3121 praetor
1077 3021 1207 3117 (id
1234 3038 1344 3096 est
1365 3075 1387 3112 ,
1414 3021 1572 3094 dux
1596 3021 1624 3119 )
1647 3077 1678 3110 ‚,
1703 3021 1923 3119 legati
1947 3017 2072 3117 (id
2103 3033 2237 3108 est,

194 3137 578 3213 inferioris
636 3140 927 3213 ordinis
983 3139 1307 3236 duces),
1354 3154 1429 3213 et
1480 3137 1882 3210 duodeci-m
1939 3134 2235 3210 tribuni

192 3257 412 3330 electi
446 3272 672 3344 sunt3
739 3259 921 3357 quia
956 3254 1369 3329 Alexander
1405 3253 1710 3326 Macedo
1749 3251 2036 3324 bellum
2079 3251 2232 3322 illa·

196 3389 421 3452 turus
446 3375 809 3452 Romanis
840 3372 1287 3473 putubatur.
1324 3369 1771 3468 Conturbati
1813 3383 2068 3442 autem
2097 3371 2236 3438 Ro·
2293 3367 2300 3374 ’

194 3492 410 3564 mani
454 3547 479 3582 ‚
559 3506 650 3564 ut
715 3490 1056 3590 Papirius
1119 3491 1397 3563 Cursor
1466 3484 1766 3560 obviam
1831 3486 2238 3584 imperator

194 3607 623 3691 Alexandro
648 3609 827 3700 iret,
868 3605 1292 3695 decrevere,
1340 3627 1817 3703 auguresque
1864 3616 1936 3678 et
1987 3601 2238 3699 ponti-

200 3725 376 3801 fices
404 3741 865 3798 creaverunt.
887 3729 1156 3823 Aperte
1179 3738 1431 3796 autem
1462 3721 1744 3793 cladem
1775 3732 2237 3818 exspectant,

197 3847 337 3942 qui
356 3859 711 3948 ‚tempore
740 3843 919 3915 belli
950 3843 1041 3914 ad
1072 3867 1327 3942 preces
1350 3837 1826 3938 confugiunt.
1856 3842 2077 3911 Anno
2105 3861 2234 3909 au-

206 3973 359 4036 tem.
391 3961 910 4038 ducentesimo
947 3951 1398 4060 sexa‘gesimo
1432 3955 1654 4032 tertio
1687 3969 1959 4058 praetor
1999 3953 2192 4028 alius
2214 4006 2237 4043 ,
