3050 5017
831 470 1003 570 lxvj
1468 477 2222 547 comunem-Anius

690 740 702 747 α
836 663 989 736 que
1040 638 1169 715 tali
1224 638 1401 713 viro
1453 638 1900 733 consilium,
1965 651 2041 715 et
2065 696 2090 733 ,
2159 639 2226 715 si
2263 638 2526 737 perfici
2573 638 2866 737 potuis-

837 786 988 868 set,
1040 774 1127 858 in
1170 774 1437 873 primis
1488 772 1680 849 utile
1716 771 2084 851 doctrinis
2135 776 2438 853 nostris.
2493 773 2648 851 Sed
2687 778 2864 873 quis

834 908 1121 1002 nescit,
1166 932 1235 981 a.
1284 908 1476 1007 1789
1508 882 1902 1007 ‘publicam
1941 935 2102 985 rem
2129 908 2474 987 Francius
2503 909 2590 985 in
2611 908 2870 985 homi-

834 1064 973 1117 nes
1024 1040 1381 1116 incidisse
1424 1066 1587 1115 non
1637 1051 1790 1117 tam
1849 1041 2558 1118 commutandarum
2604 1069 2872 1119 rerum

837 1200 1071 1273 quam
1104 1172 1690 1249 evertendarum
1723 1173 2094 1272 cupidos?
2139 1188 2467 1273 suntque
2495 1177 2874 1252 continuo

838 1322 1181 1409 tempora
1216 1310 1485 1383 acerba
1510 1318 1738 1405 atque
1773 1306 2212 1405 gladiatoria
2251 1307 2386 1383 illa
2419 1322 2830 1385 consecuta
2851 1368 2874 1405 ,

838 1444 1123 1543 quibus
1176 1468 1355 1518 cum
1430 1450 1696 1529 omnes
1755 1442 1990 1519 litem.-
2051 1443 2584 1523 contiouerunt
2609 1499 2632 1538 ,
2705 1457 2876 1519 tum

838 1578 1177 1653 maxime
1210 1574 1796 1651 Villoisonianae
1814 1628 1837 1669 ,
1869 1602 2126 1674 gtaecse
2155 1575 2478 1672 scilicet,
2515 1602 2602 1651 sc
2617 1577 2880 1676 philo-

840 1712 1123 1811 logicae.
1177 1710 1447 1806 Itaque
1506 1708 1738 1804 hujus
1785 1712 2040 1810 magni
2088 1711 2388 1786 itineris
2431 1736 2588 1787 uon
2640 1710 2884 1789 modo

848 1844 1049 1921 nihil
1092 1841 1353 1930 edere,
1394 1840 1527 1918 sed
1565 1868 1814 1941 neque
1867 1844 2272 1921 lectionem
2319 1844 2571 1940 illam,
2603 1870 2770 1942 qua
2791 1846 2884 1921 ad

846 1979 1339 2077 scriptionem
1394 2000 1812 2075 praeparsre
1869 2002 1950 2055 se
2013 1952 2362 2072 volebat,
2431 1978 2882 2077 absolvere,

838 2112 1131 2191 nedum
1167 2112 1261 2189 de
1294 2112 1521 2212 Lydo
1553 2112 1920 2211 cogitare,
1969 2114 2204 2191 variis
2235 2114 2532 2191 casibus
2569 2140 2886 2212 percus-

848 2277 979 2327 sus
1012 2308 1035 2345 ‚
1085 2249 1357 2347 potuit.
1384 2248 1660 2343 Neque
1695 2246 1974 2345 magis,
2023 2272 2201 2323 oum
2253 2260 2692 2345 recuperata
2721 2276 2890 2348 rep.
3017 2292 3019 2325 !

850 2382 1257 2479 respirasse
1290 2378 1644 2453 homines
1679 2378 2046 2455 visisunt
2065 2434 2088 2475 ,
2123 2380 2240 2455 illi
2269 2378 2582 2479 quidem
2615 2379 2888 2479 licuit,

850 2519 1149 2619 placato
1199 2538 1459 2591 rerum
1510 2524 1712 2632 statu
1745 2510 1884 2589 diu
1923 2512 2102 2591 frui.
2143 2516 2454 2593 Etenim
2483 2540 2550 2591 a.
2590 2515 2788 2591 1805
2819 2543 2890 2593 a.

856 2650 933 2726 d.
976 2672 1079 2723 vi.
1132 2647 1509 2743 Kal.Maj.
1549 2671 1830 2745 paucos
1873 2658 2046 2744 post
2087 2672 2383 2725 menses
2442 2674 2681 2745 quem
2727 2664 2902 2739 erat,

854 2810 1111 2887 graecae
1145 2781 1519 2857 cathedrae
1549 2781 1632 2855 in
1671 2778 2010 2885 Collegio
2054 2782 2394 2857 Franciae
2445 2780 2892 2880 praefectus,
3019 2826 3022 2889 3

864 2920 1167 2993 virente
1186 2916 1582 2990 etiamtum
1609 2922 1822 2989 aetate
1843 2914 2250 3011 repentino
2267 2938 2674 3013 oppressus
2699 2942 2900 2993 mor-
3019 2922 3022 2929 '

860 3051 963 3127 bo
1012 3062 1144 3125 est.
1196 3048 1431 3143 Cujus
1461 3044 1738 3143 optimi
1773 3045 2376 3145 sanctissimique
2415 3047 2572 3123 viri
2609 3048 2896 3125 imma-

860 3196 1039 3262 turo
1066 3184 1282 3259 obitu
1318 3190 1680 3279 quantam
1719 3177 1988 3253 civitas
2007 3190 2265 3257 nostra
2281 3181 2365 3255 in
2388 3181 2636 3257 literis
2653 3183 2898 3279 jactu-

860 3344 1027 3395 ram
1074 3317 1335 3391 fecerit
1356 3368 1382 3409 ,
1430 3313 1728 3389 tametsi
1763 3310 2116 3389 homines
2147 3310 2554 3389 historicos
2591 3342 2864 3395 omnes
2881 3376 2900 3411 ,

866 3450 1143 3525 ubiubi
1166 3450 1321 3525 sint
1340 3502 1363 3543 ,
1380 3446 1804 3543 intelligere
1823 3447 2172 3537 arbitror,
2197 3458 2450 3525 tamen
2469 3472 2612 3547 ego
2635 3506 2660 3545 ‚
2689 3452 2906 3550 quod

868 3584 1121 3682 ipsum
1138 3582 1331 3657 novi
1344 3636 1366 3678 ‚
1396 3578 1610 3677 quod
1629 3578 1946 3655 domum
1967 3579 2128 3675 eius
2145 3577 2653 3680 frequentavi,
2689 3588 2906 3685 quod

868 3742 1008 3819 per
1038 3717 1333 3813 aliquot
1364 3736 1606 3788 annos
1636 3710 2047 3787 continuos
2087 3738 2528 3793 sermonum
2567 3718 2911 3815 auditor,

870 3838 1600 3931 commentationum
1631 3846 1836 3921 testis
1859 3900 1878 3937 ,
1915 3846 2348 3923 studiorum
2395 3853 2718 3927 mirator
2771 3880 2914 3927 ex·-

874 3984 1039 4076 titi,
1076 3982 1323 4057 acrius
1360 3980 1579 4079 potui
1613 3976 1924 4055 fortasse
1953 4006 2184 4079 quam
2227 3982 2574 4085 plerique
2613 3990 2916 4085 perspi-
