3050 5017
498 415 1059 468 nmrunmcar.
1110 417 1512 471 nonnus
1563 423 1722 472 un.
1774 425 1860 474 ιι.
2073 427 2200 512 ,99

140 519 557 622 dequibus
576 529 665 600 in
688 526 885 602 libro
912 515 1005 600 d'e
1024 527 1275 604 officio
1302 531 1826 631 praefectorum
1853 537 2202 634 praetorio

142 639 397 740 paulo
422 659 594 742 post
618 645 1088 719 disseremus.
1118 651 1598 724 Mansuetum
1627 665 1880 724 tamen
1911 677 1990 724 se
2022 653 2206 726 civi·

138 755 309 828 -bus
340 761 669 856 praebuit
699 788 717 834 τ
758 761 965 836 unde
998 767 1319 838 Romani
1344 764 1437 840 de
1470 793 1562 842 eo
1583 771 1827 869 patrio
1857 771 2236 844 sermoue'

144 871 525 952 dixerunt
554 907 571 947 ε
606 881 901 952 utinam
929 907 1065 956 nec
1092 897 1347 974 natus,
1369 910 1509 958 nec
1533 900 1884 960 mortuus
1904 883 2207 959 fuisset!

148 989 550 1088 Optabam
604 998 893 1096 quippe
915 1051 935 1089 ‚
970 1013 1239 1072 natum
1286 1027 1445 1076 non
1488 999 1718 1074 fuisse
1739 1056 1762 1093 ‚
1811 1003 1950 1102 qui
1999 1002 2208 1076 solus

152 1111 539 1184 Caesarum
561 1113 1077 1214 principatum
1096 1113 1495 1210 firmasset3
1522 1118 1788 1212 iidem,
1811 1134 2206 1192 mortuum

154 1252 327 1303 non
346 1229 607 1326 fuisse,
628 1237 767 1336 qui
792 1251 867 1310 et
892 1253 1331 1312 mansuetus
1344 1238 1638 1330 fuisset,
1665 1255 1742 1314 et
1763 1239 2206 1314 domesticas

158 1337 532 1426 factiones
548 1353 1009 1454 sustulisset:
1041 1381 1295 1458 neque
1330 1360 1546 1432 euim
1585 1371 1758 1458 post
1791 1357 2014 1435 illum
2052 1355 2206 1431 bel-

157 1460 333 1536 lum
358 1466 577 1540 civile
608 1469 1021 1544 conflatum
1044 1487 1177 1546 est.
1198 1517 1211 1530 x

262 1587 337 1670 4.
368 1587 585 1660 Veste
610 1603 863 1664 autem
896 1587 1253 1663 utebatur
1275 1643 1297 1679 ,
1330 1614 1513 1688 pace
1539 1643 1562 1681 ‚
1615 1606 1713 1664 ut
1735 1603 1911 1690 pote
1950 1588 2204 1688 ponti·

158 1697 281 1776 fex
322 1699 354 1798 (
384 1699 462 1774 id
508 1716 618 1774 est
640 1755 663 1792 ,
695 1709 995 1804 ἀρχιερευς
1041 1709 1439 1806 γεφυραῖος),
1477 1731 1906 1805 purpurea:
1949 1703 2159 1776 talari
2181 1757 2203 1794 ,

158 1816 641 1912 sacerdotali,
668 1845 855 1898 auro
878 1821 1313 1914 baciolam,
1348 1838 1429 1898 et
1460 1823 1692 1924 pall-io
1717 1824 2000 1942 pariter
2022 1846 2205 1920 pur·

158 1957 447 2033 put-ec,
474 1937 557 2008 in
589 1961 853 2011 aureos
874 1937 1123 2012 sulcos
1140 1939 1576 2031 desinente3
1612 1954 1993 2038 caputque
2027 1961 2206 2036 ope-

160 2048 455 2142 tiebat,
501 2051 602 2125 ob
626 2077 880 2127 causas
891 2079 1127 2154 ‚quas
1157 2057 1237 2128 in
1274 2052 1472 2131 libro
1502 2079 1673 2127 meo
1697 2054 1790 2126 de
1814 2049 2206 2124 mensibus

160 2171 578 2242 memoravi
608 2198 625 2242 :
670 2169 869 2244 bello
896 2185 1151 2242 autem
1180 2170 1736 2272 paludamentis
1772 2170 1995 2270 (quae
2021 2183 2206 2242 sunt

160 2285 509 2387 duplices
546 2288 790 2382 laenae,
835 2314 877 2363 e
905 2313 1173 2382 cocco,
1208 2304 1405 2362 torta
1443 2305 1730 2363 metaxa
1758 2289 2206 2388 praestantis-

159 2408 395 2499 sima,
436 2407 673 2483 fibula
700 2431 969 2503 aurea,
1004 2425 1411 2510 gemmata,
1443 2410 1528 2482 in
1563 2409 1904 2483 humeris
1931 2409 2203 2481 coerci-

162 2537 289 2596 tae:
314 2549 549 2622 quam
592 2523 907 2599 fibulam
936 2551 1110 2619 nos»,
1146 2527 1350 2600 sicut
1386 2505 2020 2618 Ita'l1‚vocamus··
2053 2547 2205 2597 cor-

162 2643 588 2740 nucopium
623 2667 801 2716 vero
832 2643 1195 2744 peculiari
1225 2641 1562 2743 quodam·
1589 2643 1902 2714 nomi-ne
1927 2642 2008 2712 in
2031 2639 2204 2712 aula

162 2759 587 2830 etiamnum
609 2765 969 2849 vocatur)
995 2753 1117 2832 :in
1146 2760 1511 2832 conviviis
1533 2755 1813 2846 limbis,
1837 2755 2052 2854 (sunt
2071 2779 2202 2826 au·

164 2888 315 2946 tem
340 2871 648 2947 lacernae
668 2899 1069 2976 purpureae
1090 2931 1110 2967 ‚
1142 2874 1405 2948 talares
1420 2931 1441 2966 ‚
1464 2871 1860 2946 menandris
1883 2884 2160 2944 ornam
2179 2923 2201 2959 ‚

164 2997 373 3068 circa·
392 2994 753 3070 humeros
773 2999 1019 3070 aureis
1033 2995 1581 3070 tubulamentis
1601 3049 1621 3086 ‚
1651 2991 1730 3065 id
1752 3008 1898 3083 est,
1922 2991 2203 3091 pannis

162 3111 675 3186 canaliculatis
700 3111 1115 3212 fulgentes)
1148 3129 1223 3186 et
1254 3109 1674 3212 paragaude
1701 3112 2197 3207 aurigamma,

164 3229 245 3303 id
275 3245 431 3322 est,
480 3233 738 3304 tunica
787 3231 1033 3305 aureis
1064 3230 1397 3330 gummis
1410 3226 1856 3315 lanciolata,
1891 3249 1934 3295 a
1958 3223 2199 3320 limbo

167 3351 363 3432 circa
398 3348 623 3450 pedes
669 3351 977 3451 imoque
1026 3349 1289 3441 vestis,
1327 3345 1423 3421 ab
1460 3359 1790 3446 utreque
1822 3340 2136 3430 latere,
2115 3365 2216 3438 in:
2251 3385 2260 3408 .

576 3487 614 3521 Ἴ

252 3577 329 3650 5)
362 3583 506 3640 τήν·
528 3579 719 3643 αἰτίας.
744 3571 1002 3654 Lydus'
981 3593 1053 3632 m
1087 3570 1363 3652 opere-de
1388 3569 1714 3630 mensibus,
1753 3565 1878 3648 (V.
1917 3572 2200 3658 excomm

174 3695 253 3741 ex
272 3673 392 3734 hoc
410 3693 621 3754 opere,
645 3693 778 3753 pag.
803 3669 893 3752 9.)
922 3694 938 3731 ι
964 3673 1097 3730 ἔδων
1114 3674 1197 3730 ἀεὶ
1216 3676 1398 3750 γέγονε
1418 3681 1521 3729 τῶν
1543 3675 1828 3752 ἀρχιερέων
1853 3670 1948 3730 τὴν
1978 3665 2201 3748 κεφαλὴν

174 3779 383 3834 σκέπειν
408 3773 441 3836 ἥ
470 3773 772 3852 διακοσμεῖν
800 3777 999 3854 ταινίᾳ,
1030 3773 1125 3830 καὶ
1142 3771 1485 3838 τοῦτοδῆλον
1508 3772 1568 3832 &a
1589 3777 1694 3838 τῶν
1721 3771 1978 3832 Λατίνων.

256 3869 329 3942 6)
365 3865 518 3957 God-
549 3872 959 3948 ἀναπαζὸμεναι.
1002 3905 1005 3910 -

254 3967 327 4056 2)
362 3967 507 4035 Post
527 3972 614 4030 ἐπὶ
640 3966 885 4037 videtur
912 3963 1197 4062 excidisse
1219 3965 1297 4038 δὲ.
