3050 5017
436 429 1003 487 ntirnnmcan
1056 430 1465 483 nonnus
1514 432 1672 487 mn.
1726 438 1857 491 ιιι.
2011 422 2160 523 249

146 539 437 619 nullum
488 546 922 647 imperatori
972 541 1467 636 inferebatur3
1508 562 1588 618 at
1636 548 1952 624 militem
1999 578 2157 627 sus·

144 678 418 737 tentare
462 661 853 763 praefectus
902 659 1345 759 cogebatur,
1394 686 1811 763 omnesque
1850 674 2156 741 contue-

142 796 245 852 tos
278 778 706 879 reipublicae
738 792 1035 851 sumtus
1075 774 1401 875 praebere
1420 830 1445 867 ,
1482 780 1620 876 qui
1652 806 1810 853 non
1858 797 2156 857 tantum

136 900 487 995 Syrorum
525 896 807 969 tributa
832 950 853 987 ‚
887 920 1055 996 quae
1090 892 1401 992 quidem
1436 893 1590 967 sola
1627 901 1884 997 magni
1916 902 2162 1000 impe-

138 1013 474 1087 rantibus
518 1010 890 1088 momenti
938 1026 1189 1103 erant,
1239 1012 1603 1086 amisisset
1625 1067 1647 1104 ‚
1701 1014 1828 1088 sed
1889 1016 2164 1093 addere

138 1132 442 1231 insuper
476 1146 774 1205 sumtus
802 1131 1126 1203 numero
1162 1129 1479 1225 majores
1523 1149 1953 1231 cogeretur,
1981 1160 2160 1207 cum

138 1252 212 1319 in
242 1263 493 1347 captas
515 1246 769 1337 urbes,
804 1261 969 1319 tum
1002 1248 1081 1318 in
1112 1244 1499 1319 collatores
1519 1299 1540 1335 ‚
1562 1247 1628 1319 si
1659 1274 1854 1347 quos
1879 1250 2164 1350 elapsos

136 1367 511 1435 Persarum
538 1362 865 1437 vinculis
890 1364 972 1434 in
999 1361 1305 1434 desertis
1328 1361 1888 1438 admirabilium
1917 1393 2166 1466 quon·-

132 1480 295 1553 dam
334 1480 677 1552 locorum
712 1504 957 1551 errare
992 1479 1482 1575 contingeret.

246 1598 366 1675 55.
436 1598 738 1671 Talibus
804 1596 1164 1669 fluctibus
1231 1596 1760 1699 malorumque
1816 1598 2166 1701 procellis

130 1716 389 1812 jactata
440 1714 857 1815 republica,
902 1736 1159 1811 parem
1215 1709 1519 1785 fortuna
1565 1716 1804 1813 priori
1855 1718 2165 1815 ignavia:

132 1831 594 1933 diligentiam
630 1831 1039 1904 Justiniani
1091 1830 1491 1929 opposuit,
1547 1835 1899 1906 omnium
1933 1837 2170 1935 impe-

132 1965 464 2023 ratorum
522 1948 1181 2047 vigilantissimum
1238 1944 1462 2019 rebus
1518 1948 1975 2045 praeficiens,
2025 1956 2164 2051 qui

129 2069 297 2139 vitae
316 2088 465 2137 suae
482 2067 850 2161 jacturam
878 2062 1274 2164 reputabat
1296 2116 1317 2155 ,
1339 2064 1403 2139 si
1426 2088 1586 2136 non
1616 2089 1880 2139 omnes
1903 2093 2166 2141 secun·-

129 2182 314 2255 dum
335 2185 585 2281 ipsum
600 2182 997 2281 vigilarent
1005 2206 1301 2280 proque
1310 2181 1696 2280 republica
1709 2206 2101 2283 pugnare-n
2111 2200 2164 2276 t,

130 2318 213 2375 ut
240 2328 400 2375 non
430 2316 728 2375 tantum
756 2302 1111 2373 Romanis
1138 2298 1523 2399 quondam
1549 2300 1937 2398 subjectis,
1959 2306 2165 2404 prio-

130 2440 299 2489 rum
332 2416 605 2489 deinde
642 2416 934 2517 ignavia
964 2417 1317 2515 perditis,
1345 2439 1612 2489 verum
1647 2418 1962 2517 insuper
1995 2419 2164 2491 hos-

132 2536 319 2606 tium
360 2532 456 2606 ad
498 2532 653 2605 haec
681 2532 907 2605 rebus
942 2534 1390 2631 potirentur.
1440 2536 1534 2605 Et
1565 2534 1816 2607 Persas
1847 2536 2158 2633 quidem

131 2654 691 2753 immanemque
741 2648 1147 2726 chosroem
1198 2678 1386 2725 auro
1439 2654 1778 2752 primum
1805 2710 1826 2745 ,
1887 2655 2164 2729 deinde

132 2774 405 2845 iterum
428 2787 895 2872 pugnantem
925 2769 1123 2843 ferro
1150 2794 1460 2870 quoque
1486 2770 1764 2844 obruit.
1787 2772 2162 2847 vandalos

132 2912 334 2978 vero,
372 2886 747 2987 populum
782 2888 1313 2959 Germanicum
1340 2942 1360 2978 ‚
1386 2886 1700 2980 Libyam
1735 2886 2157 2981 exedentes,

130 3031 301 3078 cum
360 3005 561 3078 bello
620 3019 928 3103 repente
1000 3006 1379 3075 invasisset
1407 3058 1427 3091 ‚
1474 3007 1798 3088 ,duobus
1855 3022 2154 3081 tantum

132 3122 517 3197 mensibus
558 3122 888 3219 vicitque
938 3144 1105 3209 eos,
1158 3134 1233 3192 et
1282 3118 1481 3192 bello
1537 3136 1792 3220 captos
1841 3126 2161 3222 impera-

132 3243 333 3312 toriae
374 3239 546 3313 urbi
580 3238 957 3329 exhibuit,
984 3220 1429 3310 Gelimerem
1460 3238 1714 3336 ipsum
1752 3263 1930 3311 eum
1978 3240 2157 3312 illu·-

133 3358 409 3431 strihus
444 3360 687 3457 gentis
730 3362 757 3450 (
772 3382 965 3455 quos
1000 3357 1343 3454 Astingos
1389 3354 1689 3429 barbari
1739 3356 2154 3457 vocabant)

136 3497 515 3574 uxoreque
534 3490 609 3547 et
624 3473 879 3545 liberis
900 3488 1125 3571 atque
1148 3468 1585 3572 ingentibus
1599 3472 1881 3545 divitiis
1895 3529 1915 3562 ‚
1937 3477 2154 3573 quasi

136 3594 527 3667 vilissimos
559 3615 943 3663 servorum
968 3646 990 3679 ‚
1024 3592 1379 3663 Romanis
1414 3593 1495 3662 in
1535 3592 1965 3663 servitutem
2009 3608 2151 3663 tra·

134 3709 334 3783 dens.
392 3706 615 3800 Quod
669 3732 847 3780 cum
907 3709 977 3779 ei
1032 3732 1349 3806 parvum
1408 3706 1826 3797 videretur,
1892 3712 2109 3779 Getas
2132 3763 2151 3797 ,

134 3850 409 3899 sacram
444 3830 791 3913 Romam,
843 3840 919 3898 et
948 3849 1418 3923 quaecunque
1457 3826 1529 3895 ei
1562 3822 1890 3918 subjecta
1913 3879 1934 3913 ‚
1969 3824 2152 3897 lace·

141 3962 381 4021 rantes
412 3998 433 4035 ,
494 3952 1155 4040 Romanorumque
1218 3942 1478 4039 priscis
1524 3940 1860 4040 patriciis
1919 3940 2152 4017 insule

1754 4056 1844 4127 32
