3050 5017
484 489 1037 556 annuntient
1087 489 1703 544 immitunt.
1755 493 1844 543 11.
2039 477 2184 542 ποκ’

152 581 469 678 formam
519 584 748 659 literae
797 609 1089 684 gamma
1118 585 1457 658 tunicam
1488 609 1676 658 auro
1719 585 2184 685 distinguen-

150 700 356 774 tibus
406 729 423 774 :
464 704 547 774 in
587 717 853 775 senatu
893 699 1288 800 chlamyde
1310 757 1333 794 ‚
1378 726 1804 802 purpurea,
1859 699 2186 801 (quidni

149 820 353 890 enim
380 818 469 918 Ρ)
506 821 587 891 in
622 828 778 893 imo
822 835 1075 893 autem
1102 818 1197 892 ad
1221 818 1447 918 pedes
1478 820 1930 919 pertinentis
1963 817 2186 892 limbi

150 931 418 1032 figuris
441 936 1175 1038 quadrangularibus
1192 991 1212 1027 ‚
1230 941 1650 1036 (segmenta
1675 960 1797 1011 eas
1817 936 2083 1025 aulici,
2101 935 2196 1010 id·

147 1066 254 1122 est
274 1106 296 1140 ,
325 1051 575 1128 elavos
606 1079 871 1128 aureos
894 1111 915 1143 ‚
936 1065 1206 1128 vocant
1233 1081 1256 1146 ;
1293 1051 1568 1155 vdgus
1592 1069 1845 1128 autem
1868 1108 1889 1144 ,
1922 1055 2004 1125 in
2032 1053 2204 1150 pri-‘

146 1181 491 1242 vatorum
529 1170 1091 1270 chlamydibuS‚
1136 1171 1514 1270 sementa)
1569 1186 1724 1244 tota
1766 1195 1944 1244 vero
1995 1193 2184 1244 auro

146 1300 405 1357 ornata
424 1341 447 1378 ‚
478 1283 922 1362 bracteolata
948 1343 969 1379 ,
1004 1305 1374 1388 gemmata
1403 1344 1426 1381 ‚
1450 1286 1858 1364 lanceolata
1880 1341 1901 1377 ,
1937 1286 2016 1359 id
2035 1301 2184 1378 est,

145 1403 387 1474 aureis
421 1399 622 1476 foliis
644 1459 667 1496 ,
700 1407 1018 1504 gemmis
1041 1460 1061 1495 ‚
1091 1404 1433 1480 lanciolis
1462 1407 1818 1484 distincta
1843 1432 1868 1496 ;
1891 1419 1967 1478 et
1991 1417 2182 1478 cete·

148 1517 245 1588 ris
278 1519 757 1620 principatus
800 1522 1275 1621 insignibus:
1322 1523 1416 1596 de
1468 1523 1755 1624 quibus
1804 1520 2186 1595 subtiliter

148 1633 515 1732 explicare
561 1660 1199 1736 supervacaneum
1246 1641 1682 1718 existimans
1706 1695 1728 1732 ,
1750 1639 2028 1738 zoperis
2061 1661 2182 1710 or-

150 1752 320 1826 dine
366 1753 647 1828 ductus
674 1811 695 1847 ,
754 1758 848 1830 ad
893 1760 1231 1858 primum
1272 1760 1662 1860 quondam
1711 1761 1916 1832 inter
1949 1757 2182 1855 magi·-

148 1889 420 1952 stratus
446 1875 803 1977 deinceps
839 1881 1352 1954 enarrandum
1392 1896 1710 1954 transeo.
2177 1903 2184 1910 ·

468 2095 579 2158 DE
623 2096 1285 2152 PnurzcrunA
1332 2097 1854 2160 pannonu-

243 2263 636 2346 5.1llustre
670 2263 904 2362 hujus
954 2267 1426 2363 magistratus
1448 2321 1471 2358 ,
1520 2265 1660 2340 soli
1711 2279 2006 2365 sceptro
2059 2289 2174 2339 ce·

150 2382 391 2468 dentis
411 2435 433 2473 ,
468 2381 589 2454 vel
623 2407 711 2455 ex
755 2385 915 2481 ipsa
956 2381 1275 2469 obscura
1312 2381 1584 2470 umbra
1612 2437 1636 2473 ‚
1669 2407 1898 2482 quam
1937 2407 2174 2456 unam

149 2525 349 2573 nunc
388 2501 713 2573 retinere
746 2499 1085 2593 videtur,
1118 2498 1674 2574 sufficientibus
1704 2499 2002 2573 indiciis
2029 2500 2178 2573 col·

142 2615 321 2716 ligas
350 2646 369 2690 ε
404 2616 647 2705 solent
684 2619 973 2718 quippe
997 2617 1272 2690 excelsa
1298 2643 1553 2690 rerum
1579 2615 1698 2689 vel
1727 2641 1815 2688 ex
1843 2617 2000 2716 ipsa
2035 2618 2175 2688 im-

148 2735 576 2823 minutione
627 2725 970 2835 intelligi.
1038 2737 1307 2834 Magna
1347 2749 1602 2808 autem
1650 2735 2012 2831 temporis
2059 2733 2174 2804 vis

146 2849 639 2926 consumendi
679 2876 764 2926 ac
800 2851 1245 2951 subigendi*,
1301 2878 1469 2952 quae
1515 2867 1770 2924 ortum
1819 2846 2047 2922 simul
2094 2864 2174 2922 et

146 2969 543 3044 interitum
585 2973 867 3044 sortita.
914 2975 1196 3042 Verum
1248 2995 1331 3042 ea
1374 2985 1481 3042 est
1524 2967 1995 3068 imperatoris
2019 2966 2172 3038 vir-

148 3101 263 3160 tus
296 3143 319 3178 ‚
386 3103 481 3161 ut
534 3112 823 3162 novum
886 3101 1141 3159 ortum
1206 3111 1345 3186 per
1394 3111 1572 3159 eum
1617 3079 1792 3160 ante
1843 3085 2170 3158 extincta

140 3219 583 3304 exspectent.
1448 3287 1453 3299 ,

229 3307 299 3394 6.
330 3327 529 3410 Cum
568 3323 802 3421 igitur
824 3377 845 3414 ‚
886 3335 975 3394 ut
1010 3345 1235 3420 supra
1262 3318 1461 3409 dixi,
1482 3315 1578 3390 ad
1602 3317 1896 3389 Coesaris
1933 3315 2167 3415 primi

136 3437 651 3539 principatum
702 3463 943 3537 usque
978 3433 1451 3538 magistratus
1490 3435 1978 3535 prodiissent;
2005 3435 2166 3532 ipse

136 3555 409 3626 comite
429 3552 733 3628 fortuna
756 3581 1009 3628 rerum
1038 3541 1363 3654 potituS,
1382 3567 1611 3628 totam
1635 3553 1958 3625 mutavit
1983 3575 2166 3622 rem·

132 3669 516 3776 publicam
543 3724 566 3761 ‚
594 3669 1034 3746 consulibus
1058 3670 1367 3771 quidem
1400 3670 1512 3744 nil
1545 3684 1809 3770 praeter
1841 3692 2121 3742 nomen
2139 3722 2162 3756 ,

136 3791 497 3888 temporis
528 3787 883 3862 videlicet
927 3789 1310 3864 indicandi
1366 3791 1638 3889 gratia,
1676 3787 2114 3888 relinquens
2137 3841 2162 3886 ².

136 3909 385 4006 copias
432 3933 611 4008 ἵετο
647 3911 1027 3984 universas
1056 3909 1203 3983 sibi
1254 3908 1705 4008 subjiciens:
1750 3904 1955 3978 unde
2001 3929 2164 3976 suc·

138 4045 451 4121 ‚cessores
476 4025 541 4124 ej
553 4049 639 4100 us
664 4025 782 4103 vel
815 4049 953 4127 per
998 4051 1151 4106 sese
1176 4083 1197 4122 ,
1230 4025 1347 4104 vel
1371 4081 1393 4120 ‚
1447 4029 1513 4102 si
1539 4024 1728 4101 forte
1765 4022 2160 4099 mollitiem
