3050 5017
753 413 2242 528 MWW„W

805 613 1072 724 PRO
1099 633 1630 728 OEMIUM.

202 824 699 940 Stemma
731 865 956 938 initio
988 861 1253 955 fuisse,
1297 865 1437 964 qui
1472 879 1726 964 postea
1756 867 2234 968 magistratus

200 981 636 1082 reipublicae
663 987 1053 1072 Romanae,
1098 979 1331 1080 vulgo
1374 1005 1604 1056 nemo
1649 977 1964 1084 ignorat*
1987 989 2028 1056 ε’
2051 990 2232 1084 Tyr·

200 1099 493 1173 rhenus
528 1103 819 1202 quippe
838 1154 861 1192 ,
912 1121 1090 1170 cum
1126 1123 1169 1170 e
1198 1095 1439 1190 Lydia
1470 1100 1554 1170 in
1589 1101 2071 1174 Occidentem
2095 1105 2234 1174 mi-

198 1232 511 1319 grasset,
555 1243 751 1317 quos
784 1221 1131 1290 Etruscos
1163 1231 1329 1288 tum
1363 1215 1732 1290 vocabant
1755 1219 1952 1317 (erat
1977 1233 2232 1294 autem

198 1359 386 1436 gens
418 1336 787 1428 Sicana),'
810 1331 1201 1426 Lydorum
1242 1337 1594 1425 mysteria
1625 1333 1928 1409 edocuit
1957 1365 1978 1427 ;
2039 1361 2233 1435 quos

198 1467 495 1542 mutato
530 1455 844 1528 nomine
868 1449 967 1524 ab
996 1450 1479 1551 haruspicina
1511 1449 1844 1527 Thuscos
1873 1451 2234 1552 adpellari

203 1569 543 1670 contigit.
572 1573 677 1644 Ac
706 1570 803 1644 de
830 1567 953 1642 his
980 1565 1269 1668 prolixe
1298 1569 1580 1642 scimus
1599 1594 1748 1658 'nos
1777 1593 1942 1644 com
1951 1593 2231 1644 memo·

198 1711 397 1764 rasse
428 1691 513 1760 in
548 1686 747 1760 libro
776 1687 1031 1786 primo
1068 1699 1463 1775 tractatus,-
1510 1711 1743 1786 quem
1781 1687 2234 1786 conscripsi·-

200 1827 375 1876 mus
420 1803 517 1876 de
568 1802 974 1876 mensibus.
1034 1805 1221 1876 Nam
1280 1803 1606 1901 insignia
1657 1807 2232 1904 magistratuum

200 1943 329 1992 rex
382 1923 629 1993 Numa
678 1944 723 1990 a
772 1915 1089 1991 Thuscis
1146 1933 1491 1996 mutuata
1539 1921 1624 1992 in
1683 1920 2233 2020 rempublicam

200 2035 667 2124 introduxit,
733 2027 957 2107 sicuti
1007 2050 1083 2108 et
1128 2059 1516 2108 armorum
1573 2035 1818 2110 robur
1868 2062 1913 2109 a
1976 2037 2229 2109 Gallis.

204 2155 607 2225 Testantur
650 2149 808 2223 haec
854 2153 1123 2250 Capito
1161 2165 1237 2222 et
1284 2151 1646 2224 Fonteius
1667 2207 1690 2239 ‚
1739 2177 1782 2224 e
1822 2151 2108 2249 quibus
2153 2165 2232 2224 et

200 2268 678 2341 doctissimus
724 2271 961 2340 Varro
984 2319 1006 2356 ‚
1068 2289 1332 2340 omnes
1376 2269 1752 2356 Roma‘nig
1820 2283 1991 2366 post
2038 2291 2232 2367 quos

122 2398 127 2407 ’
202 2382 597 2456 Sallustius
636 2381 761 2454 ille
800 2381 1203 2462 historicus
1240 2383 1321 2456 in
1362 2382 1562 2456 libro
1603 2385 1854 2483 primo
1889 2384 2250 2488 historia-¹

110 2554 120 2573 ,
202 2524 378 2576 rum
428 2523 591 2572 rem
638 2501 1035 2598 perspicue
1088 2499 1327 2573 docet.
1364 2503 1626 2592 Restat
1650 2501 1882 2599 igitur
1906 2553 1928 2590 ,
1997 2515 2088 2573 ut
2137 2500 2234 2578 de

204 2615 701 2714 potestatibus
739 2614 1087 2688 civilibus
1131 2639 1598 2714 exponamus
1614 2668 1636 2706 ,
1685 2613 1896 2714 quod
1927 2639 1972 2688 a
2003 2641 2234 2688 saeer-

202 2731 435 2804 dotali
474 2731 743 2804 ordine
784 2729 1079 2804 civilem
1108 2729 1205 2804 ad
1242 2729 1562 2804 formam
1612 2729 1980 2804 translatae
2026 2745 2230 2806 sunt.

200 2853 436 2922 Nemo
481 2849 737 2948 itaque
786 2871 930 2926 nos
970 2847 1391 2948 discrepare
1424 2845 1521 2922 ab
1569 2849 1662 2920 iis
1686 2901 1708 2938 ,
1751 2865 1920 2946 quae
1952 2864 2235 2922 veteres

204 2961 571 3038 tradidere
586 3019 611 3055 ,
652 2965 1025 3038 existimet
1046 3020 1067 3056 ,
1104 2966 1252 3038 nisi
1279 2967 1419 3065 qui
1446 2963 1640 3040 forte
1670 2963 2000 3038 absonus
2021 2979 2234 3038 certae

200 3083 533 3172 rationi,
584 3081 881 3154 invidiae
928 3079 1199 3156 cedens
1220 3137 1242 3172 ,
1290 3081 1590 3156 laudem
1635 3084 2236 3182 commutaverit.

202 3195 725 3278 Gracchanum
769 3195 1173 3297 quemdam
1214 3197 1309 3270 de
1342 3197 1465 3270 his
1504 3198 1730 3275 etiam
1766 3197 1950 3270 olim
2002 3201 2230 3296 scrip-

202 3315 379 3388 sisse
401 3369 425 3404 ,
460 3315 739 3386 scimus
770 3337 815 3384 a
850 3311 1411 3410 jurisconsultis
1448 3310 1759 3402 referri3
1803 3315 2076 3412 scripta
2100 3339 2254 3388 au·-

206 3447 361 3504 tem
384 3432 539 3529 ipsa
574 3428 879 3504 fortasse
904 3453 1283 3530 nusquam
1310 3443 1639 3534 exstant,
1661 3431 2135 3528 omninoque
2158 3447 2234 3506 et
2365 3430 2370 3440 ’

207 3549 333 3620 illa
353 3561 655 3645 tempus
672 3549 1046 3646 peperisse
1067 3546 1297 3620 simul
1318 3562 1394 3620 et
1418 3545 1889 3654 abscondisse
1907 3547 2228 3622 videtur.
2247 3599 2256 3609 ·

204 3717 380 3778 editis
393 3761 414 3793 ,
436 3716 561 3778 duo
582 3725 823 3778 tautum
844 3719 1043 3800 reperi
1070 3739 1086 3780 ε
1111 3707 1372 3800 quorum
1393 3721 1652 3782 alterum
1677 3727 1902 3802 spectat
1925 3719 1998 3780 ad
2021 3716 2232 3790 vocem

206 3813 455 3874 ver-edm
480 3817 589 3890 (v.
627 3833 739 3889 m,
772 3819 927 3896 61);
966 3817 1225 3878 &lterum
1252 3816 1413 3878 notis
1432 3821 1529 3892 (v.
1555 3837 1640 3894 Π,
1679 3819 1748 3894 4)
1769 3815 2018 3880 inserui.

286 3917 357 3991 4)
394 3914 563 3996 Lego
599 3917 831 3996 ἱςοριῶν.
904 3907 911 3914 “
2015 3939 2020 3943 ·

287 4013 361 4090 6)
399 4015 489 4074 καὶ
514 4009 595 4074 ob
615 4010 927 4096 sequentia
948 4011 1093 4074 ferri
1124 4031 1253 4074 non
1284 4019 1495 4092 potest.
